4484 5934
777 389 866 583 ις),
1014 458 1817 588 annonarnarao
1991 501 1995 511 ,

770 727 932 833 vfitatia,
962 722 1031 811 nili
1059 722 1163 837 quod
1196 722 1260 810 hic
1294 724 1348 812 ob
1365 722 1569 813 solidorum
1601 720 1771 807 indolem
1802 720 1888 833 plur
1920 718 2066 835 imagi.

771 859 918 940 nationi
950 856 990 940 fit
1022 852 1299 961 tribuendum,
1331 854 1516 967 fiquidem
1551 848 1663 935 solida
1701 846 1807 961 super
1845 851 1962 961 plano
2001 859 2068 939 de·

771 988 978 1099 pingantur
998 1018 1005 1064 ι
1041 1003 1082 1067 at
1116 983 1144 1067 sr
1162 982 1381 1069 huiusmodi
1399 980 1538 1093 figurae
1554 1000 1764 1089 corporeae
1781 976 2068 1093 formarentur,

773 1120 907 1199 omnia
940 1136 1057 1220 aeque
1090 1110 1184 1193 clara
1217 1110 1335 1195 elsunt
1366 1110 1497 1195 lutura.
1567 1102 1752 1191 Ceterum
1799 1132 1894 1217 quae
1931 1114 1972 1192 in
2012 1109 2069 1193 so-
2194 1202 2195 1217 q

771 1243 917 1325 lutione
949 1240 1048 1321 illius
1080 1238 1331 1346 problematis
1364 1232 1542 1337 affumli,
1573 1259 1644 1345 per
1675 1234 1711 1317 se
1743 1232 1825 1349 suqt
1857 1236 2069 1351 manilella;

771 1368 935 1455 fienim
966 1365 1147 1451 habeatur
1180 1376 1420 1478 polygonum
1452 1366 1493 1449 A
1510 1358 1600 1446 BC
1629 1360 1673 1448 D
1689 1362 1727 1449 E
1742 1364 1803 1470 F,
1835 1388 1861 1447 n
1898 1362 2072 1483 lareribus
2140 1384 2144 1391 ’

772 1496 1049 1603 terminatum,
1083 1496 1214 1577 leuiter
1250 1495 1460 1579 attendenti
1477 1480 1593 1577 ¹mon
1619 1493 1796 1603 patebit,
1829 1492 1918 1577 liea
1951 1492 2069 1603 figura

773 1622 1031 1733 diagonalibus
1073 1622 1249 1707 ducendis
1297 1625 1335 1704 in
1373 1620 1557 1728 triangula
1598 1619 1825 1726 diffecetur,
1865 1642 2068 1707 numerum

773 1750 922 1836 norum·
950 1750 1221 1857 triangulorum
1252 1750 1334 1832 fore
1367 1774 1422 1831 z
1440 1772 1519 1831 n·-
1541 1771 1598 1856 a,
1631 1770 1906 1857 numerumque
1939 1750 2066 1861 diago

774 1876 915 1963 nalum
946 1874 1028 1960 ltoc
1068 1879 1191 1961 modo
1240 1878 1446 1995 duiletum
1493 1860 1550 1957 :i
1568 1900 1592 1959 n
1612 1919 1649 1939 ·-
1672 1896 1730 1972 a:
1781 1874 2071 1987 quadrilaterum

774 2008 881 2090 enim
914 2029 991 2089 vna
1015 2004 1209 2115 diagonali
1224 2006 1261 2087 in
1294 2009 1366 2089 dua
1394 2004 1578 2116 triangula
1607 2070 1619 2113 ‚
1651 2021 1911 2115 pentagonum
1937 2006 2077 2090 duabue

570 2106 573 2114 ’
715 2185 720 2202 ·
773 2133 1033 2243 diagonalibus
1064 2135 1105 2216 iu
1136 2137 1206 2216 tria
1245 2134 1454 2243 triangula,
1486 2152 1526 2217 et
1556 2130 1806 2243 hexagonum
1844 2134 1956 2219 tribus
1993 2136 2078 2217 dia-

775 2262 967 2373 gonalibua
1006 2264 1046 2345 in
1085 2279 1245 2371 quatuor
1281 2259 1462 2370 triangula
1491 2262 1732 2389 dispertitur,
1773 2282 1812 2347 et
1848 2261 1899 2347 ita
1936 2286 2073 2375 porro.
2158 2262 2160 2265 ’

966 2466 1907 2607 rnou0s1r10111nnuonunraj

898 2720 972 2799 16.
1002 2712 1053 2797 in
1081 2714 1178 2797 omni
1196 2702 1312 2821 illido
1343 2712 1470 2801 hedris
1478 2712 1610 2827 planis
1647 2708 1776 2826 inclausa
1795 2704 1946 2823 firmana
1962 2717 2080 2800 onni-

778 2864 840 2926 tnn
877 2841 1087 2951 angulorum
1129 2838 1352 2953 piammon,
1399 2848 1462 2955 qni
1507 2848 1546 2927 in
1598 2844 1675 2927 eius
1716 2839 1848 2930 hedris
1893 2840 2077 2951 exiliunt,

779 2970 1020 3084 aequalisess
1051 2986 1185 3082 quater
1216 2985 1271 3053 tot
1303 2970 1448 3081 angulis
1479 2968 1592 3056 realis
1608 2962 1637 3076 ‚”
1650 2985 1735 3083 quot
1754 2970 1844 3085 sunt
1869 2967 1994 3081 anguli
2009 2964 2083 3078 so·

777 3096 876 3205 lidi,
908 3104 1040 3186 dantis
1067 3100 1144 3183 octo
1165 3127 1177 3210 3
1202 3094 1326 3215 [eust
1354 3124 1520 3185 numerus
1551 3098 1761 3209 arwinum
1785 3092 1988 3213 solidorum
2022 3102 2080 3211 stt

779 3223 883 3311 :S
902 3295 914 3335 ,
936 3224 1081 3334 summa
1110 3230 1265 3313 omnium
1306 3230 1513 3345 angolorum
1542 3225 1740 3345 planorum
1775 3240 1961 3343 aequatur
2001 3222 2078 3331 4S

781 3364 872 3439 --8
905 3354 1053 3465 angam
1081 3354 1210 3442 renis.

1066 3643 1070 3656 ¹
1127 3608 1796 3703 DEMONSTRATIO.

898 3800 947 3889 In
979 3803 1098 3889 ltalido
1130 3831 1354 3917 quocunque
1385 3808 1431 3894 fit
1462 3834 1637 3895 numerus
1667 3810 1891 3923 angulorum
1936 3808 2090 3897 solido-

784 3953 873 4017 rum
904 3958 961 4015 :
978 3930 1040 4039 S,
1069 3930 1217 4019 summa
1248 3954 1374 4020 autem
1407 3942 1586 4023 omnium
1620 3940 1844 4049 angulorum
1879 3938 2091 4050 planorum

783 4082 967 4170 aequetur
1012 4063 1051 4149 R
1080 4064 1221 4173 angulis
1251 4066 1391 4171 tediis,
1425 4069 1477 4149 ita
1506 4084 1551 4149 vt
1582 4066 1831 4155 demonstrari
1865 4088 2088 4176 oporteat,

783 4187 857 4271 ede
888 4188 926 4277 R
945 4214 1001 4275 τ·-
1018 4220 1051 4297 4
1066 4188 1094 4277 S
1111 4234 1154 4251 -
1177 4204 1217 4279 8.
1251 4188 1336 4275 lam
1371 4196 1495 4277 modo
1526 4215 1612 4279 ante
1648 4194 1818 4312 indicato
1844 4192 2095 4281 abscindatur

782 4338 807 4397 a
845 4320 968 4404 solido
1003 4343 1096 4406 muas
1141 4325 1295 4431 angulus
1346 4317 1509 4425 solidus,
1549 4342 1593 4409 ut
1629 4350 1811 4413 numerus
1852 4322 2093 4434 angolorum

781 4435 1024 4559 fluidorum,
1051 4448 1350 4565 quoshabebit,
1379 4450 1429 4541 fir
1454 4448 1682 4567 :8-1,
1713 4469 1754 4541 et
1789 4454 2097 4561 lummaangu-

1518 4612 1521 4621 ·
1663 4616 1669 4629 ¹
1956 4583 2103 4669 lorum
