4484 5934
755 568 814 648 ao
972 515 1077 652 nn
1140 539 1852 650 consurrectum
1970 498 1975 513 ’

749 843 833 908 mua
856 839 991 908 tamen
1008 820 1151 934 angulo
1173 819 1252 909 boc
1269 839 1417 911 monam
1435 844 1516 906 non
1531 817 1580 903 ad
1598 800 1676 922 90⁹
1691 814 1807 901 aurio
1821 813 2057 900 celeritatem

747 959 987 1061 gyratoriam
1019 975 1173 1064 quoque
1203 955 1424 1038 maximam
1452 954 1529 1036 elie
1557 947 1724 1052 debete,
1772 942 1840 1032 etfi
1883 943 1963 1031 hoc
1993 965 2056 1030 ca-

747 1073 788 1161 su
822 1085 881 1166 vis
911 1083 988 1193 ipsa
1020 1104 1183 1164 mouens
1206 1085 1372 1192 eiusque
1395 1095 1649 1166 momentum
1678 1073 1888 1187 potentiale
1919 1069 2058 1156 ferein

666 1295 675 1306 ,
749 1207 914 1298 nibilum
947 1208 1038 1294 abit.
1104 1207 1258 1292 Tamen
1278 1209 1428 1318 semper
1446 1206 1670 1291 machinam
1700 1203 1751 1288 ad
1766 1229 1861 1287 ontu
1882 1200 2053 1314 superan-

746 1332 844 1418 dum
886 1338 941 1423 ita
980 1335 1163 1447 applicari
1203 1333 1313 1449 polle
1348 1337 1556 1443 norimus,
1595 1352 1640 1417 rt
1679 1335 1741 1419 vis
1778 1331 1848 1416 ista
1889 1331 2056 1415 minima

747 1485 846 1551 onus
894 1467 1044 1552 eleuare
1088 1465 1254 1575 valeat,
1299 1463 1488 1576 limulque
1527 1463 1778 1574 intelligitur,
1818 1459 2063 1565 celeritatem·

748 1593 875 1678 oneris
903 1595 950 1680 ad
985 1593 1068 1680 atae
1097 1593 1335 1682 celeritatem
1367 1595 1559 1678 rationem
1591 1617 1709 1703 qmm
1742 1591 1953 1674 minimam
1984 1588 2054 1672 br·

679 1739 686 1748 ·
749 1717 838 1804 bere
854 1723 1015 1835 debere;
1052 1744 1307 1810 veruntamen
1333 1722 1514 1834 quoniam
1537 1720 1706 1804 celeritas
1729 1717 1873 1803 alarum
1891 1719 1944 1804 est
1965 1744 2057 1829 qua·

747 1843 779 1932 fi
810 1847 987 1957 infinita,
1017 1851 1193 1934 celeritas
1224 1850 1356 1936 oneris
1385 1851 1474 1935 inde
1502 1849 1657 1960 prodire
1688 1843 1817 1960 potest
1850 1845 1932 1931 satis
1969 1871 2058 1930 ma·

747 1995 856 2086 gna,
887 2002 933 2062 ac
964 2002 1094 2063 reuera
1127 1981 1257 2063 maior
1286 1980 1389 2079 erit,
1423 2003 1540 2089 qnam
1581 1975 1611 2062 li
1650 1975 1804 2089 angulus
1841 1963 1888 2082 Φ
1929 1977 2058 2060 minor

746 2104 835 2187 elset
865 2103 1055 2190 assumtus.
1116 2103 1278 2192 Interim
1309 2125 1442 2190 tamen
1475 2105 1583 2192 &teri
1613 2107 1823 2211 conticuit,
1850 2101 2064 2188 saccellum

744 2228 787 2315 in
818 2235 927 2344 praxi
958 2233 1072 2343 longe
1104 2236 1224 2320 alium
1256 2234 1533 2347 deprehensum
1565 2235 1644 2341 iri,
1675 2258 1788 2348 atque
1817 2233 1964 2317 theoria
1988 2232 2058 2318 hic

744 2353 884 2472 innuit,
915 2365 1020 2449 cuius
1050 2363 1225 2450 dilienius
1241 2363 1346 2448 caub
1369 2366 1409 2448 in
1431 2363 1509 2448 iola
1536 2362 1714 2448 frictione
1744 2361 1799 2448 est
1815 2363 1970 2476 polita,
2003 2366 2056 2446 ita

743 2507 793 2572 rt
822 2509 969 2578 certum
1005 2491 1080 2601 stt,
1110 2491 1139 2578 fi
1171 2490 1393 2600 machinam
1410 2490 1459 2575 ab
1488 2493 1600 2576 omni
1625 2489 1801 2576 sristion'e
1818 2491 1980 2576 liberare
2005 2492 2058 2574 li-

742 2639 879 2726 ceret,
911 2619 1102 2706 ltmmum
1135 2620 1317 2706 effectum
1351 2623 1432 2704 iure
1462 2621 1660 2732 expectari
1701 2621 1837 2732 polle,
1876 2619 1904 2705 fi
1942 2647 2054 2733 ango

743 2740 803 2830 lus
836 2747 1087 2834 inclinationis
1118 2753 1205 2834 axis
1232 2749 1281 2834 ad
1313 2747 1469 2862 planum
1502 2748 1646 2840 alanno
1680 2749 1976 2862 propemodum
1994 2776 2057 2836 re·

742 2869 826 2962 eus
856 2876 1046 2964 linuntur.
1110 2879 1255 2963 Verun
1287 2875 1410 2963 iiiiiio
1428 2866 1594 2992 impedit
1610 2877 1689 2966 hoc
1720 2877 1832 2986 casu,
1873 2904 1954 2994 quo
1977 2878 2057 2966 mi·

742 3025 813 3090 nus
842 3008 893 3094 ab
920 3005 1061 3120 angulo
1081 2997 1138 3115 Q>
1165 3008 1284 3094 nimis
1311 3033 1459 3120 magno
1489 3010 1648 3096 aeuus
1677 3033 1750 3119 per
1765 3009 1956 3096 theoriam
1981 3005 2055 3092 de·

742 3129 876 3220 finitus
907 3137 1075 3222 obtineri
1106 3157 1252 3249 queat:
1284 3134 1313 3228 fi
1346 3140 1454 3223 enim
1485 3140 1547 3223 ris
1576 3141 1688 3222 uenti
1722 3137 1772 3222 ab
1804 3139 1864 3224 ala
1889 3159 2054 3249 excepta

670 3267 673 3274 '
743 3277 824 3348 tam
855 3264 967 3350 irerit
998 3291 1145 3380 parur,
1171 3272 1225 3349 ’rt
1256 3264 1476 3380 l'tieiionem
1506 3263 1678 3377 superare
1717 3285 1913 3378 nequeat,
1966 3287 2052 3350 tum
2161 3371 2169 3379 .

741 3390 926 3478 ntacbina
954 3421 1003 3478 ne
1033 3399 1079 3480 ad
1113 3404 1267 3480 motum
1295 3396 1452 3505 quidem
1485 3397 1647 3481 excitari
1683 3398 1861 3505 poterit,
1902 3396 2050 3481 multo

740 3543 819 3632 qne
847 3521 977 3607 minus
1006 3521 1130 3619 alum
1177 3520 1361 3610 mount
1392 3525 1603 3634 producere
1652 3523 1808 3610 valebit.
1871 3518 1938 3606 Ex
1970 3547 2055 3631 quo

736 3637 986 3735 'manifestum
1018 3643 1103 3760 est,
1135 3647 1322 3736 frifiionis
1335 3652 1582 3737 rationemin
1602 3653 1738 3762 primis
1753 3649 1885 3740 baberi
1901 3650 2060 3758 debere,

740 3773 896 3866 fleant
942 3778 1087 3864 auram
1132 3777 1434 3890 cisposrtioncm*
1474 3783 1518 3869 ac
1558 3801 1719 3875 motum
1755 3779 1914 3869 definite
1954 3777 2061 3862 reli-

739 3927 858 4010 mur,
896 3908 1002 3990 vnde
1040 3907 1240 3995 maximus
1269 3906 1427 3993 effoetus
1454 3905 1750 4018 proficiscatur,
1781 3911 1822 3998 in
1849 3907 1958 4024 ¹<ruod
1997 3905 2059 3996 lr-

738 4053 880 4163 qutntr
909 4034 1155 4152 problemate
1186 4036 1403 4149 diligentius
1432 4037 1684 4128 examinabo.

761 4346 765 4356 Ι
1042 4216 1509 4362 uuo‘oluata
1576 4228 1697 4321 vni.

890 4367 984 4498 44.
1006 4395 1126 4484 Data
1139 4357 1321 4512 soniare
1357 4387 1587 4496 machinae,
1620 4415 1776 4506 quaer
1812 4391 1861 4480 oi
1888 4412 2057 4504 purcra-

732 4543 805 4642 με
841 4537 1061 4628 murm,
1109 4526 1277 4614 *naam
1324 4546 1408 4609 eam
1447 4524 1641 4647 nomenoi
1673 4521 1831 4614 nornis
1868 4536 2060 4646 partem,
2201 4572 2202 4641 1

765 4708 769 4716 ·
1956 4675 2062 4766 paee
2200 4742 2201 4791 ἰ
