4484 5934
735 546 882 627 ,140
1042 490 1766 651 *DEMONSTRATIO
1851 496 1855 507 ’

781 782 921 863 'tamen
955 766 1096 888 prima
1113 770 1191 858 eius
1223 770 1325 883 quaii
1357 768 1598 855 firndameuta
1628 762 1752 853 adhuc
1770 760 2087 862 interamenta

788 905 861 1008 iint
887 903 1096 989 referenda.
1161 900 1391 1015 Quanquam
1423 900 1529 993 enim
1562 920 1663 981 nuuc
1695 892 1877 1003 equidem
1908 899 1975 985 ista
2003 901 2087 989 firn-

787 1032 968 1117 damenta
996 1034 1037 1115 in
1055 1030 1180 1115 lucem
1200 1024 1422 1143 protraxisse
1438 1026 1631 1131 arbitror,
1665 1038 1799 1109 tamen
1816 1028 2083 1138 interrogor,

787 1183 863 1263 ea,
893 1183 989 1268 quae
1018 1156 1200 1268 primaria
1234 1152 1314 1243 sunt
1345 1152 1548 1258 habenda,
1577 1150 1752 1256 idoneis,
1785 1174 1829 1235 ae
1854 1178 1945 1238 vere
1978 1152 2084 1242 Geo

787 1285 959 1371 metricis
987 1282 1366 1369 demonstrationibus
1382 1280 1502 1365 adhuc
1520 1278 1697 1385 destitui,
1730 1301 1825 1387 quae
1845 1278 1937 1365 ideo
1964 1285 2087 1395 potis·

787 1412 928 1498 {imum
968 1411 1034 1497 hie
1074 1410 1324 1523 proponenda
1356 1392 1481 1513 duxi,
1515 1424 1561 1489 ut
1591 1404 1707 1511 alios,
1731 1403 1870 1515 ,quibus
1899 1405 1977 1493 hoc
2008 1410 2082 1497 stu.

773 1540 895 1625 ,dium
925 1564 1037 1627 curae
1065 1539 1244 1645 cordique
1273 1536 1346 1639 est,
1380 1537 1548 1619 excitem
1581 1535 1629 1646 ad
1645 1532 1727 1617 istas
1743 1532 2081 1624 demonstrationes

772 1666 1086 1775 ,inuestigandum
1117 1666 1247 1773 quibus
1276 1664 1436 1745 inuentis
1468 1658 1614 1743 nullum
1647 1658 1760 1768 plane
1800 1658 1856 1743 est
1897 1662 2080 1776 dubium,

772 1792 876 1900 ‚quin
912 1792 1195 1875 Stereometria
1223 1788 1272 1871 ad
1303 1810 1436 1899 parem
1468 1784 1710 1899 pemmonis
1740 1788 1934 1899 gradum,
1969 1808 2080 1903 atque

783 1910 1012 2002 Geometria
1042 1914 1238 2022 euehatur.

1036 2174 1832 2300 DEMONSTRATIO

769 2350 1242 2452 uonnvrruuvu
1273 2344 1581 2441 rusroruvu
1607 2348 2083 2471 murmurarunt,

822 2467 1027 2597 eruvs
1062 2469 1277 2604 sortus
1307 2474 1518 2567 usurus
1550 2472 1746 2565 arants
1780 2476 2027 2571 rneuvsn

1182 2604 1336 2699 svnr
1367 2604 1673 2693 unnunrru.

1220 2752 1340 2831 Anu.
1368 2750 1634 2835 Mutuo.

781 2874 1216 3175 Quemadmodum
1247 2946 1390 3065 figurae
1429 2946 1561 3061 planae
1599 2950 1861 3055 mitilineus,
1912 2972 2079 3064 quatum

947 3077 1091 3185 indoles
1123 3078 1164 3165 in
1197 3072 1424 3167 Geometria
1452 3078 1663 3189 inuestigari
1682 3080 1801 3185 solet,
1831 3099 1952 3165 certas
1966 3106 2078 3191 quas·

759 3202 867 3291 'mm
902 3206 1044 3293 habeut
1075 3208 1327 3319 proprietates
1358 3206 1549 3317 generales
1580 3232 1623 3291 ac
1663 3208 1912 3316 notuimus,
1951 3206 2079 3294 ueluti

777 3334 881 3443 quod
921 3360 1099 3419 numerus
1142 3336 1367 3443 angulonrm
1409 3334 1571 3442 aequalis
1609 3332 1653 3419 srt
1683 3359 1845 3419 nurnero
1874 3334 2077 3441 laterum,

775 3476 819 3541 et
848 3447 953 3571 quod
984 3458 1131 3579 summa
1151 3458 1388 3571 ‘angulorum
1421 3458 1582 3569 aequalis
1618 3462 1661 3549 srt
1708 3461 1767 3544 bis
1814 3478 1874 3544 tot
1920 3464 2080 3571 anguiis

772 3586 915 3697 tediis,
947 3606 1045 3701 quot
1074 3581 1156 3671 sunt
1185 3588 1300 3671 latera
1332 3584 1472 3670 derrrtis
1501 3604 1691 3697 quatuor,
1734 3588 1787 3673 ita
1818 3612 1938 3699 nuper
1968 3592 2076 3673 eius-

758 3710 892 3796 ‘modi'
916 3712 1210 3799 stereometriae
1240 3715 1429 3797 elementa
1462 3712 1679 3800 adumbraui
1712 3778 1725 3819 ,
1775 3716 1814 3799 in
1852 3714 1984 3827 quibus
2019 3713 2075 3803 st·

771 3834 884 3923 miles
912 3829 1158 3952 proprietates
1186 3838 1387 3927 solidorum
1420 3838 1545 3924 hedris
1578 3841 1695 3951 planis
1717 3840 1946 3927 inclusorum
1967 3822 2074 3931 c'on-

766 3965 948 4087 tinentur,
1012 3962 1116 4051 Cum
1146 3968 1255 4051 enirn
1289 3968 1330 4051 in
1359 3962 1631 4052 Stereometria
1661 3994 1707 4054 ea
1740 3992 1930 4078 corpora,
1962 3996 2079 4081 quae

767 4096 1077 4209 circumquaque
1107 4092 1249 4181 hedris
1264 4094 1385 4206 planis
1412 4094 1690 4199 terminantur,
1723 4099 1894 4207 primum
1927 4096 2076 4187 locum
2192 4111 2193 4122 '

767 4246 885 4335 aeque
916 4224 1061 4308 merito
1092 4242 1312 4333 occupent,
1344 4243 1390 4303 ac
1422 4216 1566 4331 figurae
1597 4220 1816 4307 redilineae
1846 4224 1886 4311 in
1927 4222 2081 4314 utant-

511 4382 515 4394 ·
660 4414 664 4421 .
767 4348 905 4432 metria
922 4358 940 4456 ‚'
963 4351 1024 4435 seu
1043 4344 1284 4442 'Geometria
1315 4348 1468 4459 proprie
1497 4348 1546 4433 src
1563 4348 1696 4458 diua,
1729 4348 1933 4438 itasrmilia
1967 4354 2082 4441 Ste·
2191 4408 2192 4416 κ

765 4476 997 4566 reometriae
1025 4477 1216 4595 principia
1245 4474 1403 4565 stabilire
1433 4475 1475 4561 in
1505 4496 1678 4565 ruentem
1709 4476 1850 4589 uenit,
1879 4498 1936 4567 ex
1967 4482 2077 4593 qui-

1990 4628 2080 4699 trus

2178 5886 2186 5904 Α
