<?xml version="1.0" encoding="UTF-8"?>
<!DOCTYPE html PUBLIC "-//W3C//DTD XHTML 1.0 Transitional//EN"
    "http://www.w3.org/TR/xhtml1/DTD/xhtml1-transitional.dtd">
<html xmlns="http://www.w3.org/1999/xhtml" xml:lang="en" lang="en">
 <head>
  <title>
</title>
<meta http-equiv="Content-Type" content="text/html;charset=utf-8" />
  <meta name='ocr-system' content='tesseract 3.04.00' />
  <meta name='ocr-capabilities' content='ocr_page ocr_carea ocr_par ocr_line ocrx_word'/>
</head>
<body>
  <div class='ocr_page' id='page_1' title='image "./novicommentarii11sssrgoog/novicommentarii11sssrgoog_0060.png"; bbox 0 0 4484 5934; ppageno 0'>
   <div class='ocr_carea' id='block_1_1' title="bbox 867 539 2054 915">
    <p class='ocr_par' dir='ltr' id='par_1_1' title="bbox 867 539 2054 915">
     <span class='ocr_line' id='line_1_1' title="bbox 1028 539 1509 694; baseline -0.025 -21"><span class='ocrx_word' id='word_1_1' title='bbox 1028 691 1030 694; x_wconf 42' lang='grc'><strong>,</strong></span> <span class='ocrx_word' id='word_1_2' title='bbox 1165 658 1170 668; x_wconf 90' lang='grc'><em>.</em></span> <span class='ocrx_word' id='word_1_3' title='bbox 1310 544 1344 672; x_wconf 87' lang='lat' dir='ltr'>ll</span> <span class='ocrx_word' id='word_1_4' title='bbox 1383 566 1443 659; x_wconf 78' lang='lat'>54</span> <span class='ocrx_word' id='word_1_5' title='bbox 1473 539 1509 667; x_wconf 85' lang='lat' dir='ltr'>ll</span> 
     </span>
     <span class='ocr_line' id='line_1_2' title="bbox 867 785 2054 915; baseline -0.006 -19"><span class='ocrx_word' id='word_1_6' title='bbox 867 803 1004 896; x_wconf 80' lang='lat' dir='ltr'><em>Plinius</em></span> <span class='ocrx_word' id='word_1_7' title='bbox 1035 800 1129 893; x_wconf 82' lang='lat' dir='ltr'>Hill.</span> <span class='ocrx_word' id='word_1_8' title='bbox 1148 806 1245 895; x_wconf 88' lang='lat' dir='ltr'>Nat.</span> <span class='ocrx_word' id='word_1_9' title='bbox 1264 808 1354 894; x_wconf 88' lang='lat' dir='ltr'><strong>Lib.</strong></span> <span class='ocrx_word' id='word_1_10' title='bbox 1373 805 1491 892; x_wconf 88' lang='lat' dir='ltr'><strong>VIII.</strong></span> <span class='ocrx_word' id='word_1_11' title='bbox 1503 785 1612 915; x_wconf 75' lang='lat' dir='ltr'>Cap.</span> <span class='ocrx_word' id='word_1_12' title='bbox 1631 794 1794 889; x_wconf 85' lang='lat' dir='ltr'><strong>XLIX.</strong></span> <span class='ocrx_word' id='word_1_13' title='bbox 1811 800 1907 888; x_wconf 84' lang='lat' dir='ltr'>baec</span> <span class='ocrx_word' id='word_1_14' title='bbox 1924 801 2054 891; x_wconf 86' lang='lat' dir='ltr'>habet:</span> 
     </span>
    </p>
   </div>
   <div class='ocr_carea' id='block_1_2' title="bbox 628 930 2063 3351">
    <p class='ocr_par' dir='ltr' id='par_1_2' title="bbox 628 930 2063 3351">
     <span class='ocr_line' id='line_1_3' title="bbox 750 930 2056 1048; baseline -0.003 -26"><span class='ocrx_word' id='word_1_15' title='bbox 750 935 820 1022; x_wconf 85' lang='lat' dir='ltr'>Est</span> <span class='ocrx_word' id='word_1_16' title='bbox 859 958 900 1021; x_wconf 87' lang='lat' dir='ltr'>et</span> <span class='ocrx_word' id='word_1_17' title='bbox 934 941 972 1021; x_wconf 86' lang='lat' dir='ltr'>In</span> <span class='ocrx_word' id='word_1_18' title='bbox 1008 939 1220 1048; x_wconf 78' lang='lat' dir='ltr'>Hispania,</span> <span class='ocrx_word' id='word_1_19' title='bbox 1253 938 1314 1022; x_wconf 90' lang='lat' dir='ltr'>led</span> <span class='ocrx_word' id='word_1_20' title='bbox 1347 941 1522 1020; x_wconf 82' lang='lat' dir='ltr'>maxime</span> <span class='ocrx_word' id='word_1_21' title='bbox 1550 930 1735 1035; x_wconf 75' lang='lat' dir='ltr'>Corsica,</span> <span class='ocrx_word' id='word_1_22' title='bbox 1757 956 1846 1015; x_wconf 83' lang='lat' dir='ltr'>non</span> <span class='ocrx_word' id='word_1_23' title='bbox 1879 935 2056 1018; x_wconf 83' lang='lat' dir='ltr'>maxime</span> 
     </span>
     <span class='ocr_line' id='line_1_4' title="bbox 746 1059 2061 1182; baseline -0.001 -34"><span class='ocrx_word' id='word_1_24' title='bbox 746 1066 917 1151; x_wconf 74' lang='lat' dir='ltr'>absimile</span> <span class='ocrx_word' id='word_1_25' title='bbox 937 1069 1087 1178; x_wconf 77' lang='lat' dir='ltr'>pecori,</span> <span class='ocrx_word' id='word_1_26' title='bbox 1105 1092 1224 1177; x_wconf 81' lang='lat' dir='ltr'>genua</span> <span class='ocrx_word' id='word_1_27' title='bbox 1242 1068 1491 1151; x_wconf 88' lang='lat' dir='ltr'>Mnsmonum</span> <span class='ocrx_word' id='word_1_28' title='bbox 1511 1132 1523 1172; x_wconf 85' lang='lat'>,</span> <span class='ocrx_word' id='word_1_29' title='bbox 1540 1067 1556 1161; x_wconf 80' lang='lat' dir='ltr'>l</span> <span class='ocrx_word' id='word_1_30' title='bbox 1574 1059 1836 1148; x_wconf 76' lang='lat' dir='ltr'>Mummium</span> <span class='ocrx_word' id='word_1_31' title='bbox 1854 1081 1949 1182; x_wconf 35' lang='lat' dir='ltr'>²‚aut</span> <span class='ocrx_word' id='word_1_32' title='bbox 1963 1062 2061 1158; x_wconf 79' lang='lat' dir='ltr'>Mn·</span> 
     </span>
     <span class='ocr_line' id='line_1_5' title="bbox 750 1184 2058 1308; baseline 0.001 -32"><span class='ocrx_word' id='word_1_33' title='bbox 750 1184 977 1306; x_wconf 84' lang='lat' dir='ltr'>samonum)</span> <span class='ocrx_word' id='word_1_34' title='bbox 1019 1199 1177 1303; x_wconf 85' lang='lat' dir='ltr'>caprino</span> <span class='ocrx_word' id='word_1_35' title='bbox 1217 1197 1339 1303; x_wconf 82' lang='lat' dir='ltr'>villo,</span> <span class='ocrx_word' id='word_1_36' title='bbox 1371 1217 1487 1304; x_wconf 87' lang='lat' dir='ltr'>qnam</span> <span class='ocrx_word' id='word_1_37' title='bbox 1519 1191 1670 1302; x_wconf 83' lang='lat' dir='ltr'>pecoris</span> <span class='ocrx_word' id='word_1_38' title='bbox 1684 1189 1850 1298; x_wconf 76' lang='lat' dir='ltr'>velleri,</span> <span class='ocrx_word' id='word_1_39' title='bbox 1883 1193 2058 1308; x_wconf 81' lang='lat' dir='ltr'>proplas.</span> 
     </span>
     <span class='ocr_line' id='line_1_6' title="bbox 749 1316 2057 1432; baseline 0.003 -30"><span class='ocrx_word' id='word_1_40' title='bbox 749 1316 1057 1408; x_wconf 82' lang='lat' dir='ltr'>Infirmilsamum</span> <span class='ocrx_word' id='word_1_41' title='bbox 1111 1325 1245 1431; x_wconf 83' lang='lat' dir='ltr'>pecori</span> <span class='ocrx_word' id='word_1_42' title='bbox 1292 1342 1404 1432; x_wconf 89' lang='lat' dir='ltr'>caput</span> <span class='ocrx_word' id='word_1_43' title='bbox 1435 1339 1510 1404; x_wconf 88' lang='lat' dir='ltr'>etc.</span> <span class='ocrx_word' id='word_1_44' title='bbox 1563 1322 1663 1408; x_wconf 82' lang='lat' dir='ltr'>Idem</span> <span class='ocrx_word' id='word_1_45' title='bbox 1695 1317 1818 1401; x_wconf 88' lang='lat' dir='ltr'>Libro</span> <span class='ocrx_word' id='word_1_46' title='bbox 1850 1319 2057 1406; x_wconf 85' lang='lat' dir='ltr'><strong>XXVIII.</strong></span> 
     </span>
     <span class='ocr_line' id='line_1_7' title="bbox 748 1442 2057 1559; baseline 0.002 -29"><span class='ocrx_word' id='word_1_47' title='bbox 748 1443 849 1558; x_wconf 85' lang='lat' dir='ltr'>Cap.</span> <span class='ocrx_word' id='word_1_48' title='bbox 885 1449 963 1534; x_wconf 92' lang='lat' dir='ltr'>IX.</span> <span class='ocrx_word' id='word_1_49' title='bbox 996 1449 1059 1532; x_wconf 91' lang='lat' dir='ltr'>lnb</span> <span class='ocrx_word' id='word_1_50' title='bbox 1090 1449 1214 1534; x_wconf 87' lang='lat' dir='ltr'>finem</span> <span class='ocrx_word' id='word_1_51' title='bbox 1233 1483 1245 1541; x_wconf 66' lang='lat'>⁴:</span> <span class='ocrx_word' id='word_1_52' title='bbox 1277 1449 1438 1534; x_wconf 89' lang='lat' dir='ltr'>Innenio</span> <span class='ocrx_word' id='word_1_53' title='bbox 1454 1451 1555 1559; x_wconf 88' lang='lat' dir='ltr'>apud</span> <span class='ocrx_word' id='word_1_54' title='bbox 1588 1447 1777 1532; x_wconf 68' lang='lat' dir='ltr'>Audoces</span> <span class='ocrx_word' id='word_1_55' title='bbox 1793 1442 1962 1532; x_wconf 77' lang='lat' dir='ltr'>Graecos</span> <span class='ocrx_word' id='word_1_56' title='bbox 1977 1449 2057 1532; x_wconf 85' lang='lat' dir='ltr'>ani·</span> 
     </span>
     <span class='ocr_line' id='line_1_8' title="bbox 750 1575 2058 1692; baseline -0.002 -29"><span class='ocrx_word' id='word_1_57' title='bbox 750 1579 833 1663; x_wconf 88' lang='lat' dir='ltr'>mal</span> <span class='ocrx_word' id='word_1_58' title='bbox 865 1603 979 1662; x_wconf 85' lang='lat' dir='ltr'>cerno</span> <span class='ocrx_word' id='word_1_59' title='bbox 1012 1581 1168 1687; x_wconf 89' lang='lat' dir='ltr'>minus,</span> <span class='ocrx_word' id='word_1_60' title='bbox 1203 1596 1242 1662; x_wconf 87' lang='lat' dir='ltr'>et</span> <span class='ocrx_word' id='word_1_61' title='bbox 1274 1580 1356 1692; x_wconf 89' lang='lat' dir='ltr'>pilo</span> <span class='ocrx_word' id='word_1_62' title='bbox 1389 1577 1552 1662; x_wconf 87' lang='lat' dir='ltr'>demum</span> <span class='ocrx_word' id='word_1_63' title='bbox 1584 1576 1738 1683; x_wconf 88' lang='lat' dir='ltr'>fimile‚</span> <span class='ocrx_word' id='word_1_64' title='bbox 1770 1578 1869 1683; x_wconf 84' lang='lat' dir='ltr'>quod</span> <span class='ocrx_word' id='word_1_65' title='bbox 1890 1575 2058 1688; x_wconf 81' lang='lat' dir='ltr'>Ophion</span> 
     </span>
     <span class='ocr_line' id='line_1_9' title="bbox 749 1703 2056 1792; baseline 0.001 -4"><span class='ocrx_word' id='word_1_66' title='bbox 749 1726 922 1790; x_wconf 79' lang='lat' dir='ltr'>vocatur.</span> <span class='ocrx_word' id='word_1_67' title='bbox 997 1705 1216 1792; x_wconf 75' lang='lat' dir='ltr'>Sardiniam</span> <span class='ocrx_word' id='word_1_68' title='bbox 1256 1709 1296 1792; x_wconf 89' lang='lat' dir='ltr'>id</span> <span class='ocrx_word' id='word_1_69' title='bbox 1330 1725 1477 1792; x_wconf 89' lang='lat' dir='ltr'>tantum</span> <span class='ocrx_word' id='word_1_70' title='bbox 1494 1705 1590 1790; x_wconf 86' lang='lat' dir='ltr'>ferre</span> <span class='ocrx_word' id='word_1_71' title='bbox 1619 1705 1780 1790; x_wconf 86' lang='lat' dir='ltr'>solitam.</span> <span class='ocrx_word' id='word_1_72' title='bbox 1815 1703 1917 1791; x_wconf 84' lang='lat' dir='ltr'>Idem</span> <span class='ocrx_word' id='word_1_73' title='bbox 1948 1705 2056 1790; x_wconf 85' lang='lat' dir='ltr'>Libr.</span> 
     </span>
     <span class='ocr_line' id='line_1_10' title="bbox 748 1829 2061 1947; baseline -0.002 -25"><span class='ocrx_word' id='word_1_74' title='bbox 748 1837 893 1924; x_wconf 86' lang='lat' dir='ltr'><strong>XXX.</strong></span> <span class='ocrx_word' id='word_1_75' title='bbox 926 1829 1025 1942; x_wconf 87' lang='lat' dir='ltr'>Cap.</span> <span class='ocrx_word' id='word_1_76' title='bbox 1059 1833 1157 1918; x_wconf 91' lang='lat' dir='ltr'>XV.</span> <span class='ocrx_word' id='word_1_77' title='bbox 1188 1833 1421 1919; x_wconf 82' lang='lat' dir='ltr'>subfinem:</span> <span class='ocrx_word' id='word_1_78' title='bbox 1462 1832 1663 1917; x_wconf 88' lang='lat' dir='ltr'>Ineadem</span> <span class='ocrx_word' id='word_1_79' title='bbox 1697 1832 1892 1942; x_wconf 83' lang='lat' dir='ltr'>prouincIa</span> <span class='ocrx_word' id='word_1_80' title='bbox 1929 1829 2061 1947; x_wconf 84' lang='lat' dir='ltr'>(San-</span> 
     </span>
     <span class='ocr_line' id='line_1_11' title="bbox 746 1959 2060 2072; baseline 0.002 -28"><span class='ocrx_word' id='word_1_81' title='bbox 746 1961 891 2072; x_wconf 83' lang='lat' dir='ltr'>dinia)</span> <span class='ocrx_word' id='word_1_82' title='bbox 942 1961 995 2042; x_wconf 86' lang='lat' dir='ltr'>est</span> <span class='ocrx_word' id='word_1_83' title='bbox 1026 1961 1188 2070; x_wconf 89' lang='lat' dir='ltr'>Ophion</span> <span class='ocrx_word' id='word_1_84' title='bbox 1223 1965 1341 2046; x_wconf 88' lang='lat' dir='ltr'>cernis</span> <span class='ocrx_word' id='word_1_85' title='bbox 1375 1982 1526 2045; x_wconf 88' lang='lat' dir='ltr'>tantum</span> <span class='ocrx_word' id='word_1_86' title='bbox 1557 1960 1642 2070; x_wconf 91' lang='lat' dir='ltr'>pilo</span> <span class='ocrx_word' id='word_1_87' title='bbox 1672 1959 1833 2065; x_wconf 82' lang='lat' dir='ltr'>familis,</span> <span class='ocrx_word' id='word_1_88' title='bbox 1867 1986 1938 2044; x_wconf 90' lang='lat' dir='ltr'>nec</span> <span class='ocrx_word' id='word_1_89' title='bbox 1969 1963 2060 2047; x_wconf 83' lang='lat' dir='ltr'>abbi</span> 
     </span>
     <span class='ocr_line' id='line_1_12' title="bbox 628 2081 2059 2198; baseline 0.003 -27"><span class='ocrx_word' id='word_1_90' title='bbox 628 2125 635 2142; x_wconf 94' lang='lat'><strong>·</strong></span> <span class='ocrx_word' id='word_1_91' title='bbox 746 2085 907 2172; x_wconf 82' lang='lat' dir='ltr'>nascens.</span> <span class='ocrx_word' id='word_1_92' title='bbox 971 2081 1154 2198; x_wconf 68' lang='lat' dir='ltr'>Gesnerus</span> <span class='ocrx_word' id='word_1_93' title='bbox 1185 2109 1314 2172; x_wconf 87' lang='lat' dir='ltr'>autem</span> <span class='ocrx_word' id='word_1_94' title='bbox 1349 2088 1562 2194; x_wconf 85' lang='lat' dir='ltr'>monstrat,</span> <span class='ocrx_word' id='word_1_95' title='bbox 1598 2088 1795 2172; x_wconf 87' lang='lat' dir='ltr'>Mufimon</span> <span class='ocrx_word' id='word_1_96' title='bbox 1812 2090 1953 2173; x_wconf 86' lang='lat' dir='ltr'>animal</span> <span class='ocrx_word' id='word_1_97' title='bbox 1967 2115 2059 2175; x_wconf 90' lang='lat' dir='ltr'>cnm</span> 
     </span>
     <span class='ocr_line' id='line_1_13' title="bbox 746 2213 2061 2326; baseline 0.002 -24"><span class='ocrx_word' id='word_1_98' title='bbox 746 2215 889 2326; x_wconf 91' lang='lat' dir='ltr'>Ophio</span> <span class='ocrx_word' id='word_1_99' title='bbox 918 2217 1021 2300; x_wconf 90' lang='lat' dir='ltr'>idem</span> <span class='ocrx_word' id='word_1_100' title='bbox 1054 2215 1159 2314; x_wconf 84' lang='lat' dir='ltr'>else,</span> <span class='ocrx_word' id='word_1_101' title='bbox 1193 2215 1439 2326; x_wconf 86' lang='lat' dir='ltr'>effigiemque</span> <span class='ocrx_word' id='word_1_102' title='bbox 1471 2213 1701 2300; x_wconf 82' lang='lat' dir='ltr'>Musamonis</span> <span class='ocrx_word' id='word_1_103' title='bbox 1732 2242 1754 2298; x_wconf 89' lang='lat' dir='ltr'>a</span> <span class='ocrx_word' id='word_1_104' title='bbox 1784 2215 2061 2306; x_wconf 79' lang='lat' dir='ltr'>Theod-Beza</span> 
     </span>
     <span class='ocr_line' id='line_1_14' title="bbox 747 2344 2060 2458; baseline -0.001 -27"><span class='ocrx_word' id='word_1_105' title='bbox 747 2345 874 2432; x_wconf 86' lang='lat' dir='ltr'>secum</span> <span class='ocrx_word' id='word_1_106' title='bbox 928 2345 1259 2440; x_wconf 79' lang='lat' dir='ltr'>communicatam</span> <span class='ocrx_word' id='word_1_107' title='bbox 1309 2344 1503 2458; x_wconf 80' lang='lat' dir='ltr'>exhibet,</span> <span class='ocrx_word' id='word_1_108' title='bbox 1553 2371 1647 2453; x_wconf 88' lang='lat' dir='ltr'>quae</span> <span class='ocrx_word' id='word_1_109' title='bbox 1695 2371 1787 2428; x_wconf 89' lang='lat' dir='ltr'>cum</span> <span class='ocrx_word' id='word_1_110' title='bbox 1843 2348 2060 2457; x_wconf 81' lang='lat' dir='ltr'>Rupieapra</span> 
     </span>
     <span class='ocr_line' id='line_1_15' title="bbox 749 2473 2061 2582; baseline 0.001 -25"><span class='ocrx_word' id='word_1_111' title='bbox 749 2473 923 2557; x_wconf 80' lang='lat' dir='ltr'>cornibus</span> <span class='ocrx_word' id='word_1_112' title='bbox 966 2473 1168 2579; x_wconf 72' lang='lat' dir='ltr'>mininie,</span> <span class='ocrx_word' id='word_1_113' title='bbox 1211 2501 1232 2558; x_wconf 89' lang='lat' dir='ltr'>a</span> <span class='ocrx_word' id='word_1_114' title='bbox 1267 2497 1333 2556; x_wconf 87' lang='lat' dir='ltr'>me</span> <span class='ocrx_word' id='word_1_115' title='bbox 1364 2473 1579 2582; x_wconf 80' lang='lat' dir='ltr'>descripta,</span> <span class='ocrx_word' id='word_1_116' title='bbox 1630 2474 1657 2558; x_wconf 83' lang='lat' dir='ltr'>sa</span> <span class='ocrx_word' id='word_1_117' title='bbox 1706 2491 1831 2558; x_wconf 90' lang='lat' dir='ltr'>totam</span> <span class='ocrx_word' id='word_1_118' title='bbox 1883 2477 2061 2561; x_wconf 84' lang='lat' dir='ltr'>aalmalis</span> 
     </span>
     <span class='ocr_line' id='line_1_16' title="bbox 747 2599 2058 2710; baseline 0 -23"><span class='ocrx_word' id='word_1_119' title='bbox 747 2603 924 2687; x_wconf 86' lang='lat' dir='ltr'>habitum</span> <span class='ocrx_word' id='word_1_120' title='bbox 952 2661 964 2705; x_wconf 86' lang='lat'><strong>‚</strong></span> <span class='ocrx_word' id='word_1_121' title='bbox 994 2621 1058 2684; x_wconf 89' lang='lat' dir='ltr'>aut</span> <span class='ocrx_word' id='word_1_122' title='bbox 1092 2626 1277 2686; x_wconf 82' lang='lat' dir='ltr'>cornuum</span> <span class='ocrx_word' id='word_1_123' title='bbox 1311 2599 1447 2684; x_wconf 84' lang='lat' dir='ltr'>faciem</span> <span class='ocrx_word' id='word_1_124' title='bbox 1481 2620 1677 2684; x_wconf 78' lang='lat' dir='ltr'>externam</span> <span class='ocrx_word' id='word_1_125' title='bbox 1702 2599 1874 2710; x_wconf 72' lang='lat' dir='ltr'>speeies,</span> <span class='ocrx_word' id='word_1_126' title='bbox 1908 2622 2058 2687; x_wconf 87' lang='lat' dir='ltr'>tantum</span> 
     </span>
     <span class='ocr_line' id='line_1_17' title="bbox 748 2729 2058 2840; baseline -0.002 -26"><span class='ocrx_word' id='word_1_127' title='bbox 748 2731 956 2834; x_wconf 80' lang='lat' dir='ltr'>conuenit,</span> <span class='ocrx_word' id='word_1_128' title='bbox 991 2751 1035 2812; x_wconf 85' lang='lat' dir='ltr'>vt</span> <span class='ocrx_word' id='word_1_129' title='bbox 1064 2729 1235 2812; x_wconf 87' lang='lat' dir='ltr'>dubitare</span> <span class='ocrx_word' id='word_1_130' title='bbox 1278 2753 1356 2810; x_wconf 89' lang='lat' dir='ltr'>non</span> <span class='ocrx_word' id='word_1_131' title='bbox 1391 2731 1534 2838; x_wconf 81' lang='lat' dir='ltr'>liceat,</span> <span class='ocrx_word' id='word_1_132' title='bbox 1567 2732 1658 2840; x_wconf 89' lang='lat' dir='ltr'>quin</span> <span class='ocrx_word' id='word_1_133' title='bbox 1692 2730 1794 2824; x_wconf 88' lang='lat' dir='ltr'>idem</span> <span class='ocrx_word' id='word_1_134' title='bbox 1828 2730 1874 2813; x_wconf 88' lang='lat' dir='ltr'>lIt</span> <span class='ocrx_word' id='word_1_135' title='bbox 1900 2733 2058 2818; x_wconf 85' lang='lat' dir='ltr'>animal.</span> 
     </span>
     <span class='ocr_line' id='line_1_18' title="bbox 749 2854 2057 2967; baseline -0.001 -24"><span class='ocrx_word' id='word_1_136' title='bbox 749 2854 2057 2967; x_wconf 37' lang='lat' dir='ltr'>mmmfflfflmffifflmfflssmmm</span> 
     </span>
     <span class='ocr_line' id='line_1_19' title="bbox 747 2985 2063 3095; baseline 0.001 -27"><span class='ocrx_word' id='word_1_137' title='bbox 747 2987 861 3082; x_wconf 81' lang='lat' dir='ltr'>fitam</span> <span class='ocrx_word' id='word_1_138' title='bbox 893 2985 993 3068; x_wconf 86' lang='lat' dir='ltr'>male</span> <span class='ocrx_word' id='word_1_139' title='bbox 1026 2988 1253 3094; x_wconf 86' lang='lat' dir='ltr'>exprimat,</span> <span class='ocrx_word' id='word_1_140' title='bbox 1287 3011 1380 3095; x_wconf 89' lang='lat' dir='ltr'>qnae</span> <span class='ocrx_word' id='word_1_141' title='bbox 1413 2987 1534 3093; x_wconf 85' lang='lat' dir='ltr'>magis</span> <span class='ocrx_word' id='word_1_142' title='bbox 1563 2990 1610 3070; x_wconf 91' lang='lat' dir='ltr'>ad</span> <span class='ocrx_word' id='word_1_143' title='bbox 1628 2989 1745 3070; x_wconf 84' lang='lat' dir='ltr'>latera</span> <span class='ocrx_word' id='word_1_144' title='bbox 1765 3045 1778 3092; x_wconf 84' lang='lat'>‚</span> <span class='ocrx_word' id='word_1_145' title='bbox 1800 3011 1911 3094; x_wconf 89' lang='lat' dir='ltr'>quam</span> <span class='ocrx_word' id='word_1_146' title='bbox 1945 2988 1984 3069; x_wconf 91' lang='lat' dir='ltr'>in</span> <span class='ocrx_word' id='word_1_147' title='bbox 2004 2987 2063 3069; x_wconf 89' lang='lat' dir='ltr'>sn·</span> 
     </span>
     <span class='ocr_line' id='line_1_20' title="bbox 747 3095 2060 3225; baseline 0.003 -30"><span class='ocrx_word' id='word_1_148' title='bbox 747 3111 893 3225; x_wconf 79' lang='lat' dir='ltr'>petioni</span> <span class='ocrx_word' id='word_1_149' title='bbox 926 3115 1058 3221; x_wconf 87' lang='lat' dir='ltr'>capitis</span> <span class='ocrx_word' id='word_1_150' title='bbox 1094 3133 1235 3222; x_wconf 79' lang='lat' dir='ltr'>parte,</span> <span class='ocrx_word' id='word_1_151' title='bbox 1265 3137 1317 3197; x_wconf 83' lang='lat' dir='ltr'>ex</span> <span class='ocrx_word' id='word_1_152' title='bbox 1350 3117 1404 3195; x_wconf 86' lang='lat' dir='ltr'>rei</span> <span class='ocrx_word' id='word_1_153' title='bbox 1437 3095 1598 3222; x_wconf 83' lang='lat' dir='ltr'>natura,</span> <span class='ocrx_word' id='word_1_154' title='bbox 1633 3112 1805 3196; x_wconf 83' lang='lat' dir='ltr'>collocari</span> <span class='ocrx_word' id='word_1_155' title='bbox 1833 3113 2060 3199; x_wconf 86' lang='lat' dir='ltr'>debuilsent.</span> 
     </span>
     <span class='ocr_line' id='line_1_21' title="bbox 748 3240 2060 3351; baseline 0.003 -31"><span class='ocrx_word' id='word_1_156' title='bbox 748 3243 896 3324; x_wconf 85' lang='lat' dir='ltr'>Verum</span> <span class='ocrx_word' id='word_1_157' title='bbox 933 3259 1014 3322; x_wconf 86' lang='lat' dir='ltr'>tota</span> <span class='ocrx_word' id='word_1_158' title='bbox 1049 3240 1197 3351; x_wconf 62' lang='lat' dir='ltr'>effigies</span> <span class='ocrx_word' id='word_1_159' title='bbox 1232 3245 1282 3323; x_wconf 87' lang='lat' dir='ltr'>ita</span> <span class='ocrx_word' id='word_1_160' title='bbox 1330 3262 1552 3349; x_wconf 88' lang='lat' dir='ltr'>comparata</span> <span class='ocrx_word' id='word_1_161' title='bbox 1592 3243 1646 3324; x_wconf 85' lang='lat' dir='ltr'>est</span> <span class='ocrx_word' id='word_1_162' title='bbox 1666 3307 1692 3347; x_wconf 87' lang='lat'>,.</span> <span class='ocrx_word' id='word_1_163' title='bbox 1716 3264 1759 3322; x_wconf 86' lang='lat' dir='ltr'>vt</span> <span class='ocrx_word' id='word_1_164' title='bbox 1798 3242 1845 3322; x_wconf 89' lang='lat' dir='ltr'>ad</span> <span class='ocrx_word' id='word_1_165' title='bbox 1886 3262 2060 3324; x_wconf 89' lang='lat' dir='ltr'>naturam</span> 
     </span>
    </p>
   </div>
   <div class='ocr_carea' id='block_1_3' title="bbox 746 3361 2188 3479">
    <p class='ocr_par' dir='ltr' id='par_1_3' title="bbox 746 3361 2188 3479">
     <span class='ocr_line' id='line_1_22' title="bbox 746 3361 2188 3479; baseline -0.002 -26"><span class='ocrx_word' id='word_1_166' title='bbox 746 3369 850 3454; x_wconf 80' lang='lat' dir='ltr'>Itaud</span> <span class='ocrx_word' id='word_1_167' title='bbox 881 3367 1019 3450; x_wconf 72' lang='lat' dir='ltr'>laetam</span> <span class='ocrx_word' id='word_1_168' title='bbox 1053 3369 1128 3450; x_wconf 83' lang='lat' dir='ltr'>else</span> <span class='ocrx_word' id='word_1_169' title='bbox 1160 3368 1327 3476; x_wconf 82' lang='lat' dir='ltr'>suspicari</span> <span class='ocrx_word' id='word_1_170' title='bbox 1358 3368 1478 3449; x_wconf 86' lang='lat' dir='ltr'>liceat.</span> <span class='ocrx_word' id='word_1_171' title='bbox 1530 3371 1643 3452; x_wconf 75' lang='lat' dir='ltr'>Adde</span> <span class='ocrx_word' id='word_1_172' title='bbox 1690 3361 1842 3476; x_wconf 80' lang='lat' dir='ltr'>Gesneri</span> <span class='ocrx_word' id='word_1_173' title='bbox 1882 3389 2064 3479; x_wconf 86' lang='lat' dir='ltr'>tempore</span> <span class='ocrx_word' id='word_1_174' title='bbox 2179 3455 2188 3471; x_wconf 65' lang='lat'>‚</span> 
     </span>
    </p>
   </div>
   <div class='ocr_carea' id='block_1_4' title="bbox 723 3491 2063 4736">
    <p class='ocr_par' dir='ltr' id='par_1_4' title="bbox 723 3491 2063 4631">
     <span class='ocr_line' id='line_1_23' title="bbox 748 3491 2063 3606; baseline 0 -27"><span class='ocrx_word' id='word_1_175' title='bbox 748 3521 845 3606; x_wconf 90' lang='lat' dir='ltr'>opus</span> <span class='ocrx_word' id='word_1_176' title='bbox 895 3491 1038 3604; x_wconf 84' lang='lat' dir='ltr'>effigies</span> <span class='ocrx_word' id='word_1_177' title='bbox 1079 3495 1146 3578; x_wconf 81' lang='lat' dir='ltr'>vel</span> <span class='ocrx_word' id='word_1_178' title='bbox 1175 3493 1428 3600; x_wconf 82' lang='lat' dir='ltr'>animalium,</span> <span class='ocrx_word' id='word_1_179' title='bbox 1463 3494 1530 3576; x_wconf 86' lang='lat' dir='ltr'>vel</span> <span class='ocrx_word' id='word_1_180' title='bbox 1560 3497 1807 3603; x_wconf 82' lang='lat' dir='ltr'>plantarum,</span> <span class='ocrx_word' id='word_1_181' title='bbox 1850 3522 1875 3579; x_wconf 91' lang='lat' dir='ltr'>e</span> <span class='ocrx_word' id='word_1_182' title='bbox 1923 3498 2063 3580; x_wconf 86' lang='lat' dir='ltr'>descri-</span> 
     </span>
     <span class='ocr_line' id='line_1_24' title="bbox 748 3623 2055 3737; baseline -0.001 -29"><span class='ocrx_word' id='word_1_183' title='bbox 748 3624 941 3737; x_wconf 86' lang='lat' dir='ltr'>ptionibus</span> <span class='ocrx_word' id='word_1_184' title='bbox 981 3624 1220 3725; x_wconf 84' lang='lat' dir='ltr'>adornandI,</span> <span class='ocrx_word' id='word_1_185' title='bbox 1256 3623 1412 3729; x_wconf 85' lang='lat' dir='ltr'>impune</span> <span class='ocrx_word' id='word_1_186' title='bbox 1463 3624 1633 3705; x_wconf 81' lang='lat' dir='ltr'>exerceri</span> <span class='ocrx_word' id='word_1_187' title='bbox 1684 3623 1854 3730; x_wconf 83' lang='lat' dir='ltr'>potnille.</span> <span class='ocrx_word' id='word_1_188' title='bbox 1921 3625 2055 3709; x_wconf 80' lang='lat' dir='ltr'>Alium</span> 
     </span>
     <span class='ocr_line' id='line_1_25' title="bbox 746 3747 2060 3861; baseline 0 -27"><span class='ocrx_word' id='word_1_189' title='bbox 746 3778 841 3834; x_wconf 77' lang='lat' dir='ltr'>vcro</span> <span class='ocrx_word' id='word_1_190' title='bbox 872 3777 937 3832; x_wconf 90' lang='lat' dir='ltr'>me</span> <span class='ocrx_word' id='word_1_191' title='bbox 972 3751 1093 3832; x_wconf 88' lang='lat' dir='ltr'>adhuc</span> <span class='ocrx_word' id='word_1_192' title='bbox 1111 3751 1235 3830; x_wconf 84' lang='lat' dir='ltr'>casnm</span> <span class='ocrx_word' id='word_1_193' title='bbox 1266 3748 1434 3831; x_wconf 86' lang='lat' dir='ltr'>subolere</span> <span class='ocrx_word' id='word_1_194' title='bbox 1466 3749 1565 3832; x_wconf 84' lang='lat' dir='ltr'>milti</span> <span class='ocrx_word' id='word_1_195' title='bbox 1600 3752 1747 3834; x_wconf 84' lang='lat' dir='ltr'>videor.</span> <span class='ocrx_word' id='word_1_196' title='bbox 1781 3749 1938 3861; x_wconf 79' lang='lat' dir='ltr'>Effigiei</span> <span class='ocrx_word' id='word_1_197' title='bbox 1956 3747 2060 3836; x_wconf 83' lang='lat' dir='ltr'>Gea-</span> 
     </span>
     <span class='ocr_line' id='line_1_26' title="bbox 748 3876 2054 4000; baseline 0.003 -37"><span class='ocrx_word' id='word_1_198' title='bbox 748 3881 921 3963; x_wconf 81' lang='lat' dir='ltr'>nerIanae</span> <span class='ocrx_word' id='word_1_199' title='bbox 939 3895 978 3958; x_wconf 86' lang='lat' dir='ltr'>et</span> <span class='ocrx_word' id='word_1_200' title='bbox 1004 3877 1264 3984; x_wconf 79' lang='lat' dir='ltr'>magnitudine</span> <span class='ocrx_word' id='word_1_201' title='bbox 1281 3876 1470 3959; x_wconf 80' lang='lat' dir='ltr'>et&#39;bab&#39;itu</span> <span class='ocrx_word' id='word_1_202' title='bbox 1489 3900 1578 3959; x_wconf 89' lang='lat' dir='ltr'>cum</span> <span class='ocrx_word' id='word_1_203' title='bbox 1599 3881 1826 3962; x_wconf 88' lang='lat' dir='ltr'>animalium</span> <span class='ocrx_word' id='word_1_204' title='bbox 1846 3878 1976 4000; x_wconf 77' lang='lat' dir='ltr'>figuris</span> <span class='ocrx_word' id='word_1_205' title='bbox 2000 3905 2054 3970; x_wconf 82' lang='lat' dir='ltr'>ex</span> 
     </span>
     <span class='ocr_line' id='line_1_27' title="bbox 747 4002 2061 4113; baseline 0 -22"><span class='ocrx_word' id='word_1_206' title='bbox 747 4005 966 4091; x_wconf 78' lang='lat' dir='ltr'>aurichalco</span> <span class='ocrx_word' id='word_1_207' title='bbox 995 4004 1099 4108; x_wconf 80' lang='lat' dir='ltr'>luds,</span> <span class='ocrx_word' id='word_1_208' title='bbox 1133 4027 1229 4113; x_wconf 91' lang='lat' dir='ltr'>quae</span> <span class='ocrx_word' id='word_1_209' title='bbox 1247 4008 1285 4088; x_wconf 86' lang='lat' dir='ltr'>in</span> <span class='ocrx_word' id='word_1_210' title='bbox 1301 4002 1463 4088; x_wconf 87' lang='lat' dir='ltr'>tumulis</span> <span class='ocrx_word' id='word_1_211' title='bbox 1477 4005 1763 4113; x_wconf 82' lang='lat' dir='ltr'>sepulchralibus</span> <span class='ocrx_word' id='word_1_212' title='bbox 1777 4005 1985 4091; x_wconf 80' lang='lat' dir='ltr'>Saiaatenlis</span> <span class='ocrx_word' id='word_1_213' title='bbox 2000 4033 2061 4091; x_wconf 86' lang='lat' dir='ltr'>re-</span> 
     </span>
     <span class='ocr_line' id='line_1_28' title="bbox 723 4130 2060 4244; baseline 0.001 -28"><span class='ocrx_word' id='word_1_214' title='bbox 723 4135 868 4244; x_wconf 77' lang='lat' dir='ltr'>‘glanis</span> <span class='ocrx_word' id='word_1_215' title='bbox 899 4131 945 4214; x_wconf 92' lang='lat' dir='ltr'>ad</span> <span class='ocrx_word' id='word_1_216' title='bbox 979 4130 1164 4214; x_wconf 79' lang='lat' dir='ltr'>Ienilenm</span> <span class='ocrx_word' id='word_1_217' title='bbox 1198 4131 1356 4217; x_wconf 88' lang='lat' dir='ltr'>fluuium</span> <span class='ocrx_word' id='word_1_218' title='bbox 1391 4154 1538 4242; x_wconf 82' lang='lat' dir='ltr'>reperta</span> <span class='ocrx_word' id='word_1_219' title='bbox 1570 4132 1680 4238; x_wconf 82' lang='lat' dir='ltr'>sunt,</span> <span class='ocrx_word' id='word_1_220' title='bbox 1729 4137 1880 4218; x_wconf 89' lang='lat' dir='ltr'>eximie</span> <span class='ocrx_word' id='word_1_221' title='bbox 1912 4160 2060 4219; x_wconf 83' lang='lat' dir='ltr'>conue-</span> 
     </span>
     <span class='ocr_line' id='line_1_29' title="bbox 749 4257 2059 4373; baseline 0.002 -28"><span class='ocrx_word' id='word_1_222' title='bbox 749 4269 818 4346; x_wconf 87' lang='lat' dir='ltr'>nit.</span> <span class='ocrx_word' id='word_1_223' title='bbox 886 4257 952 4342; x_wconf 84' lang='lat' dir='ltr'>De</span> <span class='ocrx_word' id='word_1_224' title='bbox 983 4258 1044 4340; x_wconf 76' lang='lat' dir='ltr'>&#39;lais</span> <span class='ocrx_word' id='word_1_225' title='bbox 1075 4284 1172 4342; x_wconf 73' lang='lat' dir='ltr'>neto</span> <span class='ocrx_word' id='word_1_226' title='bbox 1204 4261 1430 4343; x_wconf 88' lang='lat' dir='ltr'>animalibus</span> <span class='ocrx_word' id='word_1_227' title='bbox 1461 4261 1617 4345; x_wconf 82' lang='lat' dir='ltr'>dublum</span> <span class='ocrx_word' id='word_1_228' title='bbox 1653 4285 1732 4346; x_wconf 90' lang='lat' dir='ltr'>non</span> <span class='ocrx_word' id='word_1_229' title='bbox 1763 4265 1951 4373; x_wconf 86' lang='lat' dir='ltr'>est,quin</span> <span class='ocrx_word' id='word_1_230' title='bbox 1971 4268 2059 4352; x_wconf 83' lang='lat' dir='ltr'>Ru·</span> 
     </span>
     <span class='ocr_line' id='line_1_30' title="bbox 747 4371 2060 4500; baseline 0.003 -29"><span class='ocrx_word' id='word_1_231' title='bbox 747 4371 942 4498; x_wconf 78' lang='lat' dir='ltr'>plcapna&#39;m</span> <span class='ocrx_word' id='word_1_232' title='bbox 987 4387 1162 4469; x_wconf 87' lang='lat' dir='ltr'>comibus</span> <span class='ocrx_word' id='word_1_233' title='bbox 1203 4387 1366 4482; x_wconf 79' lang='lat' dir='ltr'>arietinis</span> <span class='ocrx_word' id='word_1_234' title='bbox 1413 4389 1650 4497; x_wconf 79' lang='lat' dir='ltr'>expalmant.</span> <span class='ocrx_word' id='word_1_235' title='bbox 1703 4393 1769 4475; x_wconf 82' lang='lat' dir='ltr'>Ao</span> <span class='ocrx_word' id='word_1_236' title='bbox 1820 4417 1897 4474; x_wconf 90' lang='lat' dir='ltr'>non</span> <span class='ocrx_word' id='word_1_237' title='bbox 1948 4393 2060 4500; x_wconf 81' lang='lat' dir='ltr'>igitur</span> 
     </span>
     <span class='ocr_line' id='line_1_31' title="bbox 747 4507 2062 4631; baseline 0.003 -33"><span class='ocrx_word' id='word_1_238' title='bbox 747 4516 895 4628; x_wconf 82' lang='lat' dir='ltr'>effigies</span> <span class='ocrx_word' id='word_1_239' title='bbox 930 4507 1156 4608; x_wconf 87' lang='lat' dir='ltr'>Gesneriana</span> <span class='ocrx_word' id='word_1_240' title='bbox 1188 4515 1392 4609; x_wconf 70' lang='lat' dir='ltr'>adsimile</span> <span class='ocrx_word' id='word_1_241' title='bbox 1424 4516 1576 4630; x_wconf 87' lang='lat' dir='ltr'>aliquod</span> <span class='ocrx_word' id='word_1_242' title='bbox 1609 4519 1788 4631; x_wconf 86' lang='lat' dir='ltr'>idolum,</span> <span class='ocrx_word' id='word_1_243' title='bbox 1819 4521 1868 4610; x_wconf 77' lang='lat' dir='ltr'>ab</span> <span class='ocrx_word' id='word_1_244' title='bbox 1899 4521 2062 4628; x_wconf 86' lang='lat' dir='ltr'>antiqui·</span> 
     </span>
    </p>

    <p class='ocr_par' dir='ltr' id='par_1_5' title="bbox 1980 4665 2061 4736">
     <span class='ocr_line' id='line_1_32' title="bbox 1980 4665 2061 4736; baseline 0.062 -5"><span class='ocrx_word' id='word_1_245' title='bbox 1980 4665 2061 4736; x_wconf 69' lang='lat' dir='ltr'>tate</span> 
     </span>
    </p>
   </div>
   <div class='ocr_carea' id='block_1_5' title="bbox 0 0 2246 5924">
    <p class='ocr_par' dir='ltr' id='par_1_6' title="bbox 0 0 2246 5924">
     <span class='ocr_line' id='line_1_33' title="bbox 0 0 2246 5924; baseline 0 0"><span class='ocrx_word' id='word_1_246' title='bbox 0 0 2246 5924; x_wconf 95' lang='lat' dir='ltr'> </span> 
     </span>
    </p>
   </div>
  </div>
 </body>
</html>
