4484 5934
1302 508 1338 652 i(
1371 530 1497 653 nx
1896 537 1975 664 *s

741 793 902 890 fluidum
935 794 1111 886 omniun
1142 792 1430 907 densissimum,
1461 800 1568 885 inter
1593 793 1704 884 fluida
1734 793 1906 891 ctriiiotn
1923 794 2044 886 calori

675 955 677 958 ’
739 925 829 1012 esse*
847 927 1191 1035 obedientissimum
1211 988 1222 1031 ‚
1254 926 1359 1010 vnde
1385 945 1425 1010 et
1442 929 1597 1038 optimo
1621 924 2040 1032 continuationum,

740 1073 786 1136 rt
818 1056 939 1164 ipsum
968 1041 1044 1164 'pro
1075 1055 1328 1158 construendis
1360 1054 1671 1141 Thermometris
1703 1053 1873 1162 eligerint
1910 1079 2045 1142 tecen-

739 1181 865 1264 tiores.
898 1176 1027 1266 Solidn
1045 1180 1123 1262 iem
1137 1183 1205 1260 sub·
1216 1202 1384 1261 examen
1409 1207 1549 1263 vocure
1567 1181 1632 1264 srbi
1651 1181 1844 1290 proposuit
1860 1181 2040 1282 Ausim,

737 1324 849 1418 etque
866 1308 1028 1410 summa,
1047 1329 1119 1416 qun
1139 1305 1276 1416 potuit,
1283 1303 1428 1390 solertia
1446 1309 1730 1418 experimenta,
1747 1331 1840 1417 (pne
1857 1307 1931 1392 hue
1947 1334 2033 1418 per·

718 1436 887 1548 tinent,
904 1433 1069 1522 institnit.
1103 1433 1199 1520 Non
1230 1432 1470 1534 describimus
1494 1431 1745 1542 methodum,
1768 1458 1839 1543 qua
1865 1437 1905 1518 in
1938 1436 2037 1518 insti·

736 1565 886 1648 tuendis
906 1565 1011 1673 ipsu,
1030 1565 1115 1646 rsus
1130 1561 1196 1646 est.
1215 1557 1261 1644 ld
1277 1562 1386 1644 enim
1404 1563 1528 1672 paucis
1545 1559 1628 1644 fieri
1645 1586 1724 1645 nou
1740 1561 1879 1670 potest,
1895 1560 2037 1647 melio-

734 1714 893 1802 remque
914 1689 1141 1801 ‚quamhic
1159 1689 1437 1787 drretnlemus
1455 1751 1468 1794 ,
1498 1688 1693 1798 exscripti
1710 1689 2034 1796 ipnustenione,

732 1815 857 1902 ideam
877 1819 1055 1926 polliceri
1072 1816 1138 1900 fibi
1155 1817 1309 1925 possunt
1325 1815 1498 1901 lesiores.
1517 1810 1745 1924 Conspirnnt
1753 1836 1881 1900 nutem
1899 1818 2040 1900 omnio

729 1941 868 2026 nVito
886 1939 1103 2028 Clarissimo
1134 1942 1300 2024 instituta
1316 1959 1431 2050 atque
1454 1939 1639 2052 descripta
1656 1942 1924 2052 experimenta
1943 2001 1958 2041 ‚
1985 1941 2035 2028 nd

729 2069 972 2178 probandum
990 2131 1003 2172 ,
1038 2080 1157 2175 neque
1189 2093 1211 2150 a
1243 2066 1423 2176 densitate
1444 2127 1459 2174 ,
1478 2091 1642 2177 nequer
1665 2063 1908 2152 cohaerentia·
1925 2067 2037 2152 abso·
2163 2134 2170 2142 ,

711 2194 829 2300 iota,
864 2219 982 2306 neque
1014 2220 1036 2280 a
1068 2194 1209 2278 duritie
1238 2212 1480 2303 corporum,
1528 2193 1696 2304 pendere
1727 2183 1827 2278 hanc
1854 2198 2036 2306 proprie*

724 2339 873 2426 tatem,
902 2347 976 2432 qua
1008 2319 1182 2406 calorem
1214 2318 1281 2401 tel
1328 2321 1497 2428 maiori,
1546 2320 1614 2404 uel
1640 2321 1782 2404 minori
1828 2322 2033 2432 pertinacia

721 2453 918 2552 retinent,
951 2467 1018 2534 unt
1048 2448 1228 2532 auiditate
1270 2447 1454 2533 affirmant
1473 2495 1508 2548 ,·
1527 2447 1654 2558 legem
1704 2466 1865 2556 autem,
1910 2473 2030 2560 quam

723 2572 799 2674 hic¹
820 2577 981 2687 seqnitur
1013 2596 1174 2680 natura,
1210 2576 1366 2685 penitus
1391 2565 1513 2659 ronne
1544 2576 1713 2683 ignotam
1763 2574 1855 2657 eise.
1919 2572 2028 2660 Indi·

721 2726 853 2812 gemus
883 2709 1010 2814 itaque
1042 2700 1165 2786 adhuc
1196 2703 1369 2812 plurimis
1400 2701 1442 2783 in
1474 2700 1574 2786 hanc
1605 2727 1690 2786 rem
1738 2701 1912 2786 institutis
1956 2726 2027 2788 ex-

718 2833 974 2939 perimentis,
1003 2819 1209 2940 untequnm
1240 2827 1486 2935 sufficientem
1515 2829 1625 2912 huius
1654 2828 1916 2912 Phaenomeni
1957 2853 2025 2913 co·

718 2959 934 3067 guirionem
969 2959 1114 3067 sperate
1143 2979 1332 3066 queamus.
1365 2958 1623 3072 ,Quanquam
1657 2974 1787 3040 nutem
1821 2958 1859 3039 ici
1898 2953 2027 3060 silom
2159 3025 2164 3032 ,

720 3088 839 3194 egerit
869 3081 1104 3178 Clarissimus
1135 3081 1323 3192 Collega,
1356 3103 1401 3167 tt
1433 3082 1618 3188 doceret,
1648 3084 1818 3192 ignorare
1853 3108 1930 3165 uos
1955 3083 2028 3165 κά·

718 3207 793 3326 hue
824 3214 1014 3322 quandum
1048 3238 1100 3296 ex
1130 3212 1340 3323 praecipuis
1356 3211 1518 3296 astionis
1536 3233 1615 3294 cao
1639 3212 1670 3293 is
1696 3211 1836 3318 legibus
1854 3210 2024 3292 :nihilo-

574 3351 578 3366 ·
719 3339 846 3422 minus
894 3339 1161 3424 obstristosse
1209 3337 1281 3446 ipsi
1320 3335 1531 3422 suebootut
1588 3359 1738 3422 naturae
1784 3337 2021 3420 scrutatores.

717 3465 787 3547 Ab
817 3463 1005 3546 erroribus
1033 3465 1140 3545 enim
1170 3461 1207 3542 se
1239 3465 1335 3541 tueri
1367 3462 1642 3542 difficillimum
1670 3462 1748 3566 est,
1776 3463 2023 3579 sicoguitum

713 3590 877 3678 creditur
903 3647 916 3690 ,
945 3591 1049 3699 quod
1081 3588 1229 3700 penitus
1258 3583 1468 3694 ignoratur.

861 3844 1044 3930 Continet
1075 3837 1172 3924 hoec
1202 3836 1348 3926 curiss.
1380 3839 1613 3932 Riehmanni
1642 3839 1863 3932 Diuerntin
1900 3843 2017 3932 asiam

710 3974 833 4060 adhuc
861 3973 1178 4081 disquisitionem,
1226 3969 1274 4054 nd
1323 3968 1485 4080 scopum
1535 3969 1748 4080 scriptionis
1788 3974 2020 4057 immediate

710 4106 862 4212 quidem
894 4123 974 4182 non
1004 4095 1268 4206 spesinntem,
1295 4097 1352 4180 nst
1388 4100 1576 4207 dignm,
1608 4101 1724 4182 cuiue
1773 4101 2013 4183 mentionem

632 4257 651 4272 ··
709 4251 858 4337 quoque
889 4226 1112 4328 iniieiamun
1145 4221 1398 4310 Obsecutrnnt
1429 4230 1509 4308 inm
1529 4244 1619 4309 unte
1639 4225 1750 4308 illum
1765 4223 2012 4328 Physicorunn
2114 4238 2118 4244 '

554 4465 590 4475 .,
708 4352 855 4464 aliqui,
886 4377 1025 4465 aquam
1056 4357 1099 4438 in
1127 4349 1257 4474 phiala
1287 4370 1547 4461 contentam,
1573 4351 1767 4438 ebullienti
1793 4351 2012 4461 rquneim·

1517 4517 1520 4522 ·
1844 4475 2010 4567 tnetsun
