4484 5934
1188 164 1190 170 '
1278 183 1290 230 t

773 505 863 593 aaa
907 488 997 577 nn
1028 476 1495 578 conaremur
1524 477 1933 579 sorrootttfat

767 751 931 837 corpora
962 725 1191 811 animalium
1224 723 1429 810 conficiunt
1460 747 1509 808 ex
1548 723 1699 832 ingestis
1717 713 1721 724 ’
1739 723 1919 825 diuersis,
1956 747 2055 828 quo·

675 863 684 876 ‘
769 883 855 940 rum
891 857 1071 940 omnium
1105 854 1339 965 principium
1369 873 1552 962 vegetans
1582 852 1667 955 esl,
1701 852 1815 959 idque
1856 873 1925 959 per
1959 848 2055 933 aaa·

769 984 837 1066 bre
866 984 1007 1066 acram
1042 1007 1273 1091 campagenr
1304 999 1346 1062 et
1386 979 1606 1063 strusluram
1645 975 1790 1087 lingulis
1826 976 2052 1086 peculiarem

768 1113 814 1201 ad
847 1112 1027 1193 destinata
1060 1109 1287 1218 perficienda
1322 1129 1515 1207 creatam,
1536 1125 1587 1190 ,et
1617 1107 1772 1214 quidem
1804 1129 1895 1220 cum
1937 1105 2051 1186 virtu-

766 1257 806 1320 te
835 1237 1004 1318 seminali
1036 1233 1237 1345 prolifera,
1271 1232 1435 1318 similem
1468 1233 1700 1343 producente
1718 1233 1886 1342 prolem.
1949 1229 2052 1315 Haec

767 1364 824 1447 esl
852 1364 950 1446 mira
982 1389 1003 1446 a
1036 1361 1129 1446 Deo
1162 1362 1246 1444 data
1280 1359 1397 1443 sinitis
1438 1360 1634 1443 infinitatis
1674 1360 1844 1468 spectes,
1884 1375 1921 1439 et
1960 1355 2052 1439 haec

767 1492 989 1578 admiranda
1021 1489 1210 1571 dillinslio
1241 1511 1418 1594 generum
1462 1511 1501 1570 et
1540 1486 1780 1600 specierum,
1828 1508 1881 1566 ex
1915 1475 2050 1567 iisdem

767 1622 882 1728 plane
916 1618 1111 1724 principiis
1130 1680 1141 1720 ,
1176 1617 1211 1696 in
1230 1615 1489 1722 vegetantibus
1505 1637 1543 1696 et
1560 1612 1811 1716 animalibus,
1845 1609 1912 1692 alia
1931 1613 2054 1694 modo

770 1744 914 1827 horum
932 1745 1170 1850 appositione
1190 1803 1202 1844 ,
1220 1742 1464 1822 connexione
1482 1804 1494 1848 ,
1527 1757 1566 1820 et
1583 1739 1670 1823 inde
1686 1737 1884 1822 resultante
1901 1737 2051 1822 actione

770 1869 1087 1977 incompositis,
1116 1865 1256 1950 diuersa
1287 1867 1444 1948 obtinet.

750 1980 756 1990 ’
887 1998 954 2079 An
991 1995 1156 2098 soffilia,
1196 2012 1238 2106 et
1272 1993 1447 2104 inprimis
1480 1992 1633 2079 metalla
1665 2009 1828 2100 tamen,
1863 2017 1954 2078 eum
1987 1993 2055 2080 bnt

770 2145 933 2233 corpora
964 2123 1087 2230 magis
1128 2120 1348 2229 simplicia,
1398 2147 1512 2231 quam
1566 2121 1714 2230 plantae
1761 2143 1802 2204 er
1831 2115 2055 2230 animantia,

769 2251 866 2334 ideo
896 2275 947 2332 ex
979 2275 1055 2332 vna
1086 2249 1125 2329 in
1156 2248 1269 2331 aliam
1303 2249 1466 2358 speciem
1502 2251 1642 2331 minori
1674 2275 1762 2332 cum
1794 2249 1922 2333 labore
1939 2267 2056 2332 trans·

771 2376 860 2462 serri
892 2371 1106 2486 potemur?
1137 2375 1264 2458 Torht
1298 2375 1394 2459 haec
1426 2400 1484 2458 tes
1506 2371 1568 2458 ¹ita
1601 2373 1803 2460 acutissima
1835 2377 1947 2468 ornni
1962 2401 2054 2460 aeuo

771 2504 958 2614 ingenia,
990 2503 1055 2613 spe
1074 2521 1172 2620 tanta
1191 2493 1344 2584 retinuit
1378 2504 1551 2586 mortalia
1584 2503 1740 2612 pesiora
1770 2507 1849 2587 auri
1885 2501 1981 2588 sacra
2005 2503 2054 2588 sa·

772 2655 886 2737 mes,
917 2646 994 2736 ut,
1044 2654 1066 2710 a
1108 2625 1369 2712 remotissimis
1401 2629 1638 2739 temporibus
1672 2630 1713 2732 in
1745 2629 1842 2717 hanc
1877 2627 2054 2738 horam,

772 2758 916 2840 inuenti
957 2755 1096 2838 suerint
1145 2755 1321 2864 semper,
1360 2756 1425 2864 qui
1473 2779 1633 2840 omnem
1685 2780 1842 2866 operam
1889 2758 1930 2840 in
1982 2757 2055 2841 hoc

772 2883 839 2999 soli
869 2882 1165 2992 impenderunt,
1198 2905 1237 2964 et
1270 2877 1425 2990 quidem
1461 2883 1557 2965 inter
1589 2876 1837 2993 Philosophus
1865 2880 2052 2996 sapientis·

770 3011 870 3096 simi.
933 3009 1053 3116 Ego,
1083 3008 1149 3116 qni
1182 3011 1229 3091 ab
1271 3007 1370 3090 hisce
1403 3033 1516 3117 quarn
1550 3011 1727 3093 maxime
1758 3011 1883 3116 disto,
1925 3011 2054 3122 palam

772 3154 902 3220 tamen
942 3137 1044 3236 aio,
1092 3157 1146 3216 ex
1190 3133 1484 3219 consideratione
1523 3135 1718 3241 illorum,
1751 3163 1844 3248 quae
1874 3141 2054 3244 retinui,

773 3287 896 3346 errare
935 3281 1110 3364 omncs,
1153 3264 1299 3370 quiex
1340 3285 1379 3343 re
1420 3285 1498 3345 non
1529 3262 1715 3346 metallica
1748 3266 1946 3348 metallum
1977 3281 2055 3348 arte

772 3390 970 3472 conficere
1003 3386 1153 3469 nudent
1174 3416 1194 3498 ρ
1219 3409 1345 3474 errare
1380 3407 1421 3470 et
1455 3391 1567 3495 illos,
1599 3389 1663 3500 qui
1691 3389 1957 3500 perfectissima
1972 3415 2055 3476 me·

774 3517 863 3600 talla
896 3533 1045 3598 tentant
1080 3513 1316 3622 producere,
1349 3515 1497 3600 nisiex
1531 3535 1685 3624 argento
1716 3518 1825 3600 uiuo.
1891 3512 2057 3604 Forfitau

776 3664 818 3724 et
847 3643 918 3752 ipsi
946 3660 1101 3740 errant,
1136 3667 1199 3750 qur
1232 3643 1426 3750 nimiam,
1461 3662 1500 3724 et
1532 3667 1724 3746 omnem,
1755 3629 1795 3728 in
1812 3647 1879 3730 illo
1895 3669 2055 3754 operam

774 3770 987 3853 intendunt,
1054 3763 1263 3850 Mercurius
1294 3769 1430 3874 enim,
1466 3794 1687 3880 quocunqne
1714 3773 1888 3856 locorum
1928 3774 2059 3878 idem,

775 3921 968 4006 nunquam
1005 3916 1058 3975 ex
1092 3897 1197 3975 uenis
1226 3895 1398 3978 educitur
1425 3921 1563 4005 purus,
1604 3895 1661 3980 hd
1694 3897 1843 4009 semper
1886 3899 2059 4009 inquina-

776 4043 835 4107 tus
867 4023 949 4105 labe
982 4016 1208 4103 difficillime
1241 4022 1389 4106 abillo
1432 4021 1657 4130 separabili,
1706 4029 1791 4132 quia
1821 4027 1870 4108 ab
1908 4028 2057 4134 origine

635 4223 641 4230 .
775 4151 848 4258 ipsr
873 4169 1052 4231 concreta
1076 4145 1222 4229 intimis
1246 4151 1325 4229 eius
1341 4149 1531 4234 recessibus
1556 4149 1754 4253 inhaeret,
1782 4153 1994 4262 impediens
2015 4167 2061 4232 et

776 4277 989 4358 obtundens
1013 4273 1391 4390 penetrabilitatem‚
1431 4277 1621 4360 maculans
1644 4278 1879 4385 puritatem,
1915 4279 2064 4387 fimpli·

775 4402 936 4488 citatem
944 4424 1087 4510 cogens
1103 4400 1143 4482 in
1161 4401 1395 4490 connubium
1414 4404 1848 4520 compohtizdepuratus
1863 4425 1994 4492 autem
2010 4405 2062 4486 ab

1983 4529 2059 4614 hac
