4484 5934
754 545 792 674 l(
826 550 950 674 ol
1103 528 1107 537 ¹

202 815 256 902 At
286 815 498 904 foeminam
531 833 679 901 tanturn
698 814 843 922 uidit,
872 815 977 900 cuius
1006 817 1158 904 exuuias
1185 815 1407 931 Petropolin
1440 825 1517 908 mi·

199 943 274 1054 fit,
308 966 353 1032 ut
386 945 583 1060 exipsius
630 943 775 1028 schedis
803 943 1007 1054 colligitur.
1078 948 1181 1034 Hinc
1210 955 1417 1036 communi
1456 977 1514 1046 er,-

198 1099 285 1160 rore
319 1077 517 1190 abreptus,
543 1097 587 1160 et
614 1073 709 1161 nihil
742 1074 882 1160 aduerfi
914 1072 1124 1184 suspicans,
1163 1073 1373 1162 folliculum
1421 1088 1515 1164 cum

197 1203 316 1315 uulgo
348 1231 421 1317 pro
452 1204 665 1290 umbilicali
693 1201 858 1309 habuit,
889 1221 929 1287 et
960 1203 1108 1298 duobus
1140 1205 1234 1293 locis
1264 1205 1515 1296 umbilicasem

198 1336 423 1419 nominauit.
487 1331 676 1438 Nemini,
712 1333 780 1417 nifr
820 1330 1010 1438 curun,
1041 1332 1190 1420 fortuna
1229 1334 1338 1442 fauit,
1372 1362 1516 1422 rerum

197 1461 308 1546 fitum
356 1463 514 1549 folliculi
565 1453 822 1574 perspiciendi
864 1481 903 1546 et
953 1463 993 1544 in
1042 1462 1217 1570 apricum
1259 1466 1511 1572 producendi.
1685 1553 1690 1562 ,

196 1589 298 1706 Qrid
341 1592 404 1676 hic
437 1592 663 1704 praestiterit
694 1588 985 1696 accuratissimus
1019 1590 1201 1698 Austor,
1238 1617 1353 1703 qaam
1387 1591 1515 1684 sedulo

195 1725 529 1831 partes·geoitales
558 1723 675 1806 maris
707 1745 828 1832 aeque
859 1743 901 1804 ac
932 1719 1126 1806 foeminae
1158 1720 1442 1830 inuestigauerit
1459 1744 1516 1808 at-

194 1871 261 1956 que
313 1847 574 1962 descripserit,
622 1847 698 1960 ipo
748 1852 828 1930 eius
878 1847 1082 1956 descriptio
1133 1850 1311 1957 loquitur.
1380 1849 1514 1938 Vnum

191 1977 372 2087 idemque
409 1977 548 2061 animal
583 1979 686 2081 eisc,
716 1977 819 2083 quod
854 1973 917 2056 fub
947 1969 1130 2081 Moschi,
1159 1975 1218 2061 seu
1259 1969 1519 2095 Molchiserr',

41 2083 42 2102 '
191 2105 348 2187 nomine
379 2103 419 2185 in
450 2101 551 2186 Sinis
582 2121 621 2183 et
653 2103 692 2186 in
723 2125 844 2210 regno
874 2102 1059 2210 Tangut,
1110 2106 1302 2188 interris
1338 2103 1517 2215 Mongo·

189 2227 344 2315 sensibus
374 2250 413 2313 et
462 2232 503 2314 in
535 2229 675 2315 Sibiria
705 2230 922 2340 reperitur,
975 2254 1093 2314 nemo
1122 2230 1301 2316 dubitet.
1365 2229 1513 2323 Differt

190 2377 333 2446 tantum
371 2359 542 2444 nostrum
574 2385 598 2442 a
630 2356 763 2444 Sinico
778 2357 1011 2444 crassioribus
1041 2361 1128 2472 pilis
1160 2380 1202 2444 et
1219 2358 1372 2448 Moschi
1391 2365 1513 2449 odore

190 2471 323 2573 minus'
344 2489 530 2599 fragrante
548 2549 566 2596 ,·
589 2486 678 2582 ficut
709 2487 873 2576 uicissim
913 2483 1062 2574 Sinicus
1106 2485 1288 2575 Moschus
1324 2517 1347 2575 a
1391 2481 1547 2611 Tibe?x

189 2613 307 2724 tito,
353 2617 623 2704 structoribus
659 2616 783 2722 fides,
833 2619 1083 2730 fragrantiore
1136 2617 1259 2705 odore
1307 2616 1549 2729 superatur.⁸

188 2743 313 2828 Huius
328 2748 433 2832 modi
466 2747 628 2834 uarietas
657 2772 680 2829 a
712 2742 853 2833 diuersa
867 2746 1048 2857 qualitate
1081 2745 1148 2830 soli
1169 2766 1207 2829 et
1235 2746 1399 2833 climatis
1415 2773 1516 2860 pro·

187 2873 321 2958 uenire
377 2875 516 2992 potest.
596 2875 786 2964 Attamen
832 2899 900 2963 uec
947 2873 1026 2990 hoc
1078 2877 1337 2986 negandum,
1398 2874 1509 2963 Sinas

187 2997 395 3088 Moschum
429 3003 574 3116 saepius
612 3005 847 3112 adulterare,
888 3030 909 3092 a
941 3029 1014 3114 qua
1045 3005 1174 3092 fraude
1202 3029 1295 3116 gens
1325 3003 1505 3102 Tibetica
1545 3115 1550 3125 Ι

186 3129 360 3219 abstinet.
423 3134 523 3226 Non
551 3133 617 3222 abs
648 3156 690 3220 re
724 3136 825 3234 erit,
858 3135 964 3220 uaria
996 3138 1161 3222 nomina
1201 3134 1374 3239 addere,
1420 3136 1508 3244 quib

186 3257 248 3342 bus
288 3261 433 3348 animal
480 3259 745 3345 moschifernm
793 3261 835 3346 in
886 3257 1024 3348 Sibiria
1060 3259 1249 3344 salutatur.
1313 3259 1508 3372 ruaburga
1636 3361 1644 3374 ι

187 3387 381 3474 Ruffieum
415 3389 484 3494 eli,
514 3387 575 3471 fed
607 3413 629 3468 a
662 3387 811 3470 Tataris
833 3385 1078 3489 defuntcum,
1126 3386 1191 3497 qui
1233 3406 1367 3472 tamen
1398 3386 1504 3472 litte-

184 3541 263 3600 ram
298 3515 470 3600 nominis
510 3513 697 3598 initialem
740 3513 792 3596 ita
833 3511 995 3599 efferunt
1014 3513 1044 3619 ‚'
1067 3531 1112 3596 ut
1153 3515 1276 3621 magis
1315 3515 1354 3597 T
1386 3541 1500 3627 quam

183 3641 240 3748 K,
269 3647 399 3729 audire
432 3645 501 3726 tibi
537 3642 764 3753 persuadeas.
825 3641 1030 3729 ssbrandus
1064 3643 1208 3728 animal
1235 3642 1430 3732 Kabarda
1462 3665 1504 3730 et

185 3770 392 3858 folliculum
428 3771 630 3858 Kabardin
661 3768 892 3880 adpellauit,
925 3779 1127 3880 utrumque
1166 3769 1269 3856 olo.
1332 3773 1504 3858 Follicu.

180 3899 233 3985 lus
259 3903 365 3990 Καὶν
398 3917 561 3986 vocatur
591 3897 764 4005 Tataris,
793 3899 899 3982 mue
932 3899 1052 3986 Rufiis
1085 3897 1183 3987 olim
1209 3901 1329 3988 Kairr'
1345 3901 1503 3990 Kauar-

175 4031 301 4139 ginnie
332 4031 454 4138 dicti,
486 4052 562 4138 pro
594 4049 672 4137 quo
704 4051 805 4110 raunc
844 4027 1102 4138 Kabarga'nnr'e
1141 4027 1270 4139 struia
1320 4031 1500 4138 obtinet,

182 4159 271 4244 frcut
305 4157 497 4246 Bobroruie
516 4157 645 4274 flruia
692 4149 915 4241 Castoreum
965 4159 1160 4244 denotant,
1221 4157 1319 4245 Sunt
1367 4179 1502 4269 genter

182 4289 227 4372 ad
257 4287 313 4373 M
317 4313 428 4374 unam
468 4305 507 4370 ct
545 4288 586 4372 V
578 4281 690 4403 psam
730 4283 884 4391 fluuios,
916 4285 1083 4376 lertihae
1116 4287 1235 4374 undas
1265 4287 1499 4396 miscentes,

181 4411 458 4528 Camaschincii
488 4435 529 4500 ct
561 4409 758 4524 Taiginzir'
787 4413 925 4504 dione..
989 4411 1068 4496 lllis
1096 4415 1371 4508 Moschiserum
1415 4417 1501 4503 ani-

182 4550 259 4634 mal
289 4547 424 4659 Sido,
452 4545 512 4634 his
540 4545 708 4662 Togurgu
739 4543 855 4632 audit.
881 4637 886 4644 ,
916 4541 1098 4637 ostiaccn
1130 4545 1187 4660 ad⁸
1207 4545 1390 4634 leuiseam
1441 4543 1497 4639 est

796 4671 887 4760 ha
1164 4697 1231 4721 ¹*
1395 4668 1493 4786 Bojffl.
