4484 5934
771 453 1014 624 aaron
1051 509 1349 600 runica·
1379 460 1906 598 rurscrrelrcrr.

772 739 959 850 sagacitas
972 736 1219 853 perspiciendi
1237 737 1333 846 ,rel
1350 735 1476 849 potius
1491 734 1752 824 nondrmausr
1770 729 2056 841 ruarauaere,

774 869 962 981 nunnodi
999 872 1253 979 variationem
1284 891 1377 974 acris
1400 867 1635 976 magneticae
1665 864 1905 948 electricitnti
1937 865 1978 946 io
1998 883 2056 946 at-

649 1050 655 1061 ι
777 995 1003 1108 mospbrera
1035 997 1242 1112 productae
1272 995 1452 1100 deberi,
1499 986 1606 1104 quod
1635 990 1734 1074 mibi
1766 993 1924 1102 quidem
1959 1015 2059 1076 nnuc

774 1125 1097 1240 reribmillinaum
1130 1125 1197 1206 cib
1260 1126 1368 1207 Acus
1397 1125 1506 1204 enim
1536 1120 1747 1228 magnetica
1775 1119 1970 1204 ordinarie
1983 1116 2057 1204 firl·

766 1255 873 1350 ‚citur
904 1251 1018 1362 theca
1043 1247 1166 1358 lignea
1197 1247 1316 1355 sacca,
1347 1266 1389 1330 et
1414 1249 1566 1357 lignum
1595 1247 1746 1330 ficcum'
1767 1249 1865 1332 iuter
1893 1269 2060 1357 corpora

563 1403 568 1414 ·
705 1449 710 1457 .
775 1377 999 1492 originariae
1028 1377 1313 1484 statueratis,
1340 1374 1469 1460 saltem
1498 1375 1597 1458 inter
1625 1397 1786 1484 corpora
1828 1376 2058 1460 deriuatiuae

774 1504 1031 1608 electricitntis
1062 1505 1204 1588 minori
1235 1504 1352 1614 gradu
1382 1504 1561 1612 capacia,
1595 1500 1726 1584 locum
1757 1501 1884 1585 babet.
1947 1493 2059 1591 Dum
2195 1494 2196 1509 Ν

775 1657 874 1742 ergo
902 1635 1004 1716 inter
1035 1633 1228 1737 fiumina,
1254 1631 1470 1714 obscmator
1500 1628 1763 1711 declinationis
1793 1655 1879 1724 acus
1917 1627 1954 1712 se
1990 1633 2062 1716 ad·
2195 1640 2196 1647 ‘

775 1761 1034 1872 propinquare
1062 1759 1177 1842 deber
1207 1759 1321 1861 acui,
1358 1755 1516 1838 fulmine
1545 1753 1840 1857 eledirificatae‚
1872 1756 2061 1842 attrahere

775 1887 893 1972 debet
923 1909 1012 1968 acus
1039 1884 1327 1968 extremitatem
1358 1882 1587 1965 viciniorem
1610 1909 1624 1991 ;
1655 1879 1863 1969 hincarus
1878 1885 2062 1969 clirediio⁴

774 2036 865 2098 nem
886 2014 1102 2096 naturalem
1130 2008 1298 2095 descrere
1327 2009 1475 2115 debet,
1511 2008 1580 2092 nist
1611 2008 1832 2094 obseruator
1861 2013 2000 2098 exacte
2016 2011 2057 2094 iu

775 2142 900 2254 plano
926 2139 1001 2223 isto
1027 2139 1150 2246 stet,
1193 2138 1238 2220 in
1275 2162 1358 2248 quo
1394 2160 1482 2220 acus
1510 2135 1728 2222 nammliter
1754 2139 1921 2248 quiescit.
1986 2137 2061 2222 Hic
2196 2132 2197 2203 l

774 2269 872 2352 boni
901 2266 1047 2379 publici
1077 2265 1184 2350 causa
1211 2262 1433 2374 subiungere
1462 2264 1608 2369 liceat,
1633 2266 1837 2375 quomodo
1849 2263 1952 2353 effici
1970 2289 2061 2377 pos·

778 2395 853 2500 iit,
887 2411 933 2478 rt
961 2417 1050 2478 acus
1079 2394 1313 2499 magneticae
1344 2390 1508 2476 dirediio
1536 2391 1581 2474 in
1609 2393 1731 2499 naui,
1766 2392 1866 2476 inter
1899 2392 2063 2478 fulmine
2197 2492 2198 2517 q

777 2539 822 2604 et
851 2521 1021 2604 tonitrua
1050 2519 1118 2604 vel
1145 2518 1399 2602 electricitate
1427 2517 1618 2625 caninii,
1646 2544 1726 2604 non
1751 2520 1933 2604 turbetur.
1999 2521 2064 2606 Fi·
2197 2584 2198 2609 .

722 2677 733 2696 .
777 2645 866 2734 luna
910 2644 1151 2730 metallicum
1187 2643 1386 2756 quodlibet
1414 2662 1568 2757 praeter
1586 2645 1760 2732 ferreum
1807 2644 2062 2766 connectatur

779 2799 871 2860 cum
901 2773 1003 2879 stylo
1027 2774 1277 2878 acuminato,
1304 2775 1373 2884 qni
1400 2773 1578 2858 sustentat
1612 2772 1835 2884 capitellum
1876 2773 2063 2882 aruichal-

780 2923 1036 3008 mamacas,
1065 2918 1108 2984 et
1129 2900 1286 2984 ducatur
1301 2902 1381 3006 ita,
1405 2918 1451 2985 rt
1474 2900 1592 2986 altera
1607 2902 1831 3024 extremitas
1851 2900 1907 2986 lili
1924 2901 2065 2986 maal-
2198 2960 2199 2979 .

780 3027 847 3112 lici
890 3027 1085 3138 contingat
1139 3051 1294 3139 aquam·
1372 3027 1460 3112 Tali
1497 3030 1649 3111 melone
1686 3051 1773 3112 acus
1810 3047 1983 3115 mutatur
2021 3031 2061 3124 ia

780 3178 919 3266 corpus
957 3157 1183 3240 deriuatiute
1220 3151 1450 3240 eleciicitatis
1484 3179 1610 3266 capax
1647 3155 1819 3242 infinitae
1848 3159 2064 3241 connexio-

780 3284 840 3368 nis
868 3305 959 3368 cunt
987 3280 1073 3367 aliis
1102 3281 1307 3389 iimilibus,
1335 3299 1375 3366 et
1411 3281 1651 3366 elednficari
1679 3284 1781 3369 haud
1811 3283 1941 3394 potest
1978 3286 2067 3390 ita,

780 3427 827 3495 rt
857 3405 1082 3494 elenricitar?
1110 3435 1183 3520 per
1219 3408 1384 3494 notabile
1418 3427 1576 3519 tempus
1608 3409 1889 3517 construebat,
1936 3415 2062 3494 conie-

781 3555 946 3649 quenter
975 3561 1047 3620 nec
1076 3534 1332 3620 ditectionem
1361 3535 1462 3621 suam
1479 3535 1694 3652 relinquere
1718 3541 1893 3652 poterit,
1921 3563 2067 3650 corpo·

782 3689 825 3754 re
856 3687 937 3748 non
969 3661 1220 3747 elannficato
1248 3664 1331 3747 alio
1359 3665 1581 3754 accedente.

738 3823 740 3830 ’
900 3789 1141 3876 Etenncins
1171 3788 1267 3874 haec
1298 3791 1475 3875 namralis
1502 3811 1609 3877 certe
1637 3798 1689 3879 ita
1717 3810 1940 3906 comparata
1978 3795 2064 3901 eli,

784 3933 832 4002 rt
862 3940 944 4001 noo
973 3916 1192 4017 mirandum
1224 3913 1314 3999 ellet
1346 3981 1360 4024 ,
1397 3919 1426 4003 fr
1472 3919 1641 4004 nonnulli
1684 3923 1835 4005 attoniti
1867 3923 1992 4031 magis
2020 3939 2063 4004 et

775 4043 967 4164 ,ancipites
995 4043 1192 4129 insolitum
1223 4042 1302 4126 hoc
1332 4043 1634 4154 phaenomenon
1672 4045 2061 4158 comtemplarentur‚
2133 4047 2138 4052 ’

783 4195 902 4282 qnam
934 4189 982 4254 rt
1010 4171 1061 4256 de
1089 4170 1375 4256 circumstantiis
1405 4173 1669 4284 phaenomeni
1695 4173 1921 4261 definiendis
1958 4173 2065 4258 solli-

781 4299 851 4384 citi
879 4293 1014 4382 elient.
1079 4298 1201 4383 Poll‘et
1229 4299 1337 4382 enim
1370 4301 1465 4386 alios
1494 4300 1634 4402 hortor
1672 4303 1824 4415 quidam
1855 4303 2066 4408 naturalis,

672 4499 675 4506 .
784 4423 880 4512 alios
897 4443 1024 4512 metus
1039 4424 1088 4512 ab
1106 4425 1328 4516 educatione
1343 4445 1560 4541 generatus,
1576 4430 1625 4518 ab
1641 4431 1809 4518 alteriori
1824 4429 2070 4642 inquiqqqqc
