4484 5934
226 514 531 644 aaronis
556 479 979 642 adarnottanr
1006 539 1082 638 rt
1114 514 1299 645 ratt'a
1342 546 1450 650 ‘aar
1498 539 1504 560 ·

164 775 245 900 -al
276 779 398 870 anet
427 783 586 896 qnident
613 783 766 872 metalla
787 783 910 872 erlatn
941 784 989 869 ab
1006 779 1089 873 illia
1120 783 1308 894 particttlir'
1337 782 1461 899 ignea

230 907 535 998 adscendentibus
570 931 615 996 et
645 915 817 998 nancisci
847 913 1034 1004 maiotetn
1073 910 1241 996 calorem
1276 973 1289 1021 ,
1339 938 1457 1030 quant

226 1063 323 1148 aqna
350 1063 472 1152 capax
498 1041 620 1150 effer,
653 1064 733 1125 non
759 1061 891 1126 tamen
909 1039 1017 1149 posse
1033 1029 1456 1144 rontntunicareistnnt

227 1163 399 1252 calorem
431 1175 550 1281 aquae
578 1173 618 1252 ln
651 1171 811 1254 cauitate
838 1186 1075 1279 contentae,
1103 1167 1201 1277 ¹qnae
1233 1163 1332 1253 illiue
1348 1160 1456 1276 cald-

225 1295 276 1380 ria
309 1321 388 1380 non
405 1319 527 1408 capax
556 1299 650 1381 esset
669 1359 680 1404 ,
711 1285 800 1382 l'tinc
821 1303 956 1408 'neque
972 1296 1328 1382 Thermornettttm
1345 1287 1457 1407 poffe

223 1419 357 1530 affini,
389 1443 435 1509 tt
468 1427 674 1510 mercurius
703 1421 899 1512 adscertdat
927 1427 973 1510 ad
1005 1451 1062 1538 gr.
1096 1446 1201 1508 ara.

301 1677 465 1762 Videtur
491 1680 647 1786 quidem
672 1684 743 1779 (r)
775 1682 906 1790 igneas
934 1677 1133 1791 particulas
1163 1677 1283 1763 etiarn
1302 1702 1356 1764 ex
1372 1700 1459 1768 me·

153 1801 255 1891 talto
286 1827 356 1918 pet
386 1825 521 1916 aquarn
556 1804 595 1884 in
626 1806 783 1890 caritate
815 1827 1040 1892 contentam
1079 1805 1344 1892 adstendentes
1372 1801 1462 1894 affi-

161 1953 252 2016 cere
281 1934 421 2018 debere
453 1929 810 2016 Tltertnotnetttttn·
820 1954 860 2018 et
890 1930 1040 2019 eleuare
1066 1933 1300 2019 mercurium
1331 1935 1381 2018 ad
1398 1959 1455 2046 gt.

167 2081 286 2170 2123
320 2069 390 2164 (ε),
417 2057 650 2178 mercurinm
669 2059 707 2140 T
711 2059 963 2180 hermonletri
980 2087 1018 2148 tn
1033 2071 1078 2168 n',
1097 2056 1196 2172 quia
1216 2061 1403 2146 continno
1431 2083 1458 2146 a

136 2184 355 2298 'particulis
384 2184 499 2295 igneis
530 2181 769 2292 superaris,
826 2187 956 2298 q'ttibus
994 2187 1196 2272 retinendis
1237 2213 1332 2296 aqna
1374 2211 1458 2303 nott

164 2309 439 2422 deputasset,
470 2307 685 2399 afficeretur
718 2376 730 2419 ‚
760 2309 985 2400 adscendere
1014 2313 1151 2398 debere
1182 2312 1231 2396 ad
1260 2305 1458 2399 maiorem

154 2439 287 2524 ›adhuc
320 2443 513 2550 gradum,
553 2457 670 2548 quarn
704 2465 808 2526 are.
844 2443 1002 2554 firttio
1030 2441 1221 2552 praedidin
1253 2441 1454 2527 obtineret.

167 2567 220 2652 Vt
250 2584 383 2652 tannen
416 2565 695 2681 experimento
725 2595 827 2656 nono
855 2571 1046 2656 rationem
1084 2565 1346 2680 phaendrneni
1385 2591 1456 2653 ex·

166 2694 383 2808 plorarent,
415 2721 465 2781 an
495 2695 619 2781 valide
637 2691 781 2805 ellit,
807 2696 901 2784 loce
939 2724 1081 2808 aquae,
1100 2696 1231 2780 oleum*
1263 2689 1453 2799 liliuarttn't

162 2821 318 2909 adhibiti
348 2839 391 2908 et
419 2826 575 2910 cantati
605 2823 852 2915 metallorum
884 2823 1003 2910 indidi
1036 2891 1047 2932 ,
1088 2825 1191 2934 qnod
1224 2825 1381 2933 perinde
1410 2848 1456 2912 ac

163 2952 367 3038 mercunns
403 2953 530 3038 ntnlto
571 2951 729 3036 maioris
765 2952 900 3040 caloris
926 2978 1051 3062 capax
1080 2951 1157 3056 est,
1189 2974 1234 3034 ac
1263 2977 1387 3064 aqua,
1416 2969 1456 3036 et

164 3077 465 3191 phaenomenon
503 3080 607 3166 idern
640 3080 829 3166 obsentaui
864 3147 876 3185 ,
916 3082 1099 3165 nimirum
1132 3080 1290 3163 durante
1322 3075 1455 3164 ebulli-
1613 3183 1620 3194 .

166 3208 273 3292 tione
310 3209 496 3292 adstendit
540 3208 748 3292 mercutius
776 3211 815 3293 itt
846 3207 1156 3292 Thermornetto
1188 3206 1237 3288 ab
1272 3229 1357 3306 205
1393 3231 1452 3315 gr.

165 3333 212 3417 ad
223 3343 334 3439 -20'6,
351 3357 393 3421 et
408 3333 769 3436 nrrsnadeleenditad
786 3337 952 3422 eundern
970 3332 1141 3446 gradum,
1158 3349 1197 3415 et
1214 3329 1279 3416 hic
1297 3329 1450 3417 adscen-

162 3459 221 3548 sus
235 3465 563 3552 erdescenltnttna
588 3482 717 3576 quarta
731 3486 842 3578 parte
865 3466 981 3552 horae
999 3463 1141 3574 saepius
1157 3457 1368 3548 obsentatna
1383 3459 1451 3546 est.

302 3724 338 3826 5.
374 3741 417 3824 ς.
449 3718 579 3807 Poffer
609 3719 726 3806 etiarn
758 3721 953 3834 disparitas
982 3719 1133 3806 attribui
1160 3715 1337 3804 lamellae
1384 3741 1453 3802 au·
1605 3759 1611 3769 ·

160 3847 368 3936 ricbalceae
399 3875 452 3936 ex
480 3875 579 3964 aqua
608 3849 877 3962 prominenti,
905 3873 1004 3963 quae
1033 3875 1125 3936 cutn
1156 3845 1317 3934 metallo
1349 3871 1451 3932 con-

160 4001 263 4063 nexa
297 3978 485 4074 maiorem
502 3979 673 4092 effireret
689 3980 835 4066 metalli
867 3977 1130 4090 superficiem,
1159 3966 1201 4062 et
1231 3978 1283 4070 ita
1320 3973 1448 4062 decre·

161 4127 342 4192 mentum
375 4107 510 4194 caloris
534 4112 809 4222 progigneret,
840 4111 994 4222 quoda
1025 4105 1157 4192 calore
1203 4127 1321 4216 aquae
1368 4126 1449 4190 non

36 4342 37 4345 Ν
157 4235 329 4338 resarciri
359 4235 495 4346 pollet.
529 4239 585 4324 Vt
613 4238 892 4349 explorarem,
921 4263 971 4323 an
1003 4233 1100 4322 haee
1116 4231 1637 4354 ranoobtineret,Tiav11.
1716 4193 1720 4197 ‚

159 4387 322 4473 parntm
355 4363 705 4452 Thennornetrum
740 4363 823 4450 lieri
871 4365 1025 4478 curaui,
1074 4363 1116 4446 in
1148 4386 1226 4474 qtto
1268 4361 1453 4445 terminus
1471 4383 1546 4494 rig.
1563 4415 1599 4470 ι.

157 4489 299 4580 caloris
326 4517 447 4610 aquae
476 4494 689 4586 ebillientis
718 4512 869 4617 natatus
896 4512 979 4582 erat
1010 4512 1052 4582 et
1080 4488 1174 4588 infit
1217 4487 1323 4581 hunc
1372 4510 1450 4574 tet-

734 4622 896 4724 ΗΜ
1218 4695 1224 4706 .
1297 4619 1453 4722 utinum
1584 4637 1588 4644 ’
