4484 5934
762 549 861 637 454
938 433 1330 618 anunonvn
1362 461 1885 608 transmearunt

761 753 904 868 scipere
933 749 1096 838 saliciori
1126 769 1219 832 cnm
1250 739 1410 830 successu
1441 741 1573 855 procul
1589 743 1706 828 dnbio
1722 743 1916 832 redituras.
1961 739 2051 833 No·'

766 884 851 966 hilis
878 879 965 964 sane
997 877 1062 964 ilh
1106 890 1263 960 conatus
1294 871 1410 956 totius
1440 870 1545 955 orbis
1571 887 1750 958 terrenam
1792 873 2048 961 Allronomo-

757 1035 852 1094 tum
886 1027 926 1091 et
955 1003 1128 1094 sideralis·
1157 1002 1330 1088 scientiae
1376 997 1561 1084 cultorum
1611 1001 1743 1083 oculos
1787 1002 1826 1085 in
1878 1001 2050 1086 nollmm

768 1123 970 1220 satellitem
986 1131 1204 1234 conuertit,
1237 1125 1429 1238 nullusque
1447 1126 1583 1210 dubito
1599 1189 1611 1234 ,
1630 1129 1719 1237 quin
1737 1129 1910 1214 maxima
1934 1125 2051 1222 theo-

769 1265 826 1348 ria
870 1263 1002 1346 lunaris
1050 1258 1140 1342 inde
1179 1256 1223 1342 fit
1265 1250 1418 1364 captura
1460 1253 1741 1365 incrementa,
1773 1251 2054 1367 praesertimst

768 1383 1097 1475 Allconomorum
1129 1387 1170 1468 in
1203 1381 1475 1468 borealioribus
1507 1381 1688 1491 Europae
1724 1385 1793 1467 en‘t
1832 1381 1943 1468 lunae
1983 1381 2052 1466 olr-

746 1516 970 1600 -seruandae
1002 1512 1279 1622 inuigilantium
1309 1508 1500 1618 diligentia
1535 1570 1547 1612 ,
1597 1507 1773 1618 coelique
1814 1511 1925 1595 sanor
1962 1533 2050 1593 con·

771 1645 981 1756 spirarent,
1014 1664 1133 1751 neque
1166 1637 1350 1746 temporis
1380 1634 1564 1744 angustiae
1597 1636 1882 1744 impedimento
1914 1637 2052 1720 forent.

787 1844 792 1852 .
922 1767 1059 1876 Neque
1106 1785 1240 1850 tamen
1281 1763 1492 1872 putandum
1532 1755 1609 1845 esse
1640 1763 1867 1871 existimo,
1918 1787 2055 1847 omnes

751 1893 1017 1982 ‚difficultates
1052 1957 1065 2002 ,
1111 1889 1279 2004 quaein
1312 1906 1482 1972 accurate
1512 1886 1792 1975 determinanda
1824 1891 2057 2002 parallneoc

775 2023 916 2108 lunaris
946 2021 1154 2131 quantitate
1187 2034 1417 2122 occurrunt,
1448 2013 1524 2100 hoc
1550 2015 1721 2103 instituto
1745 2015 1958 2130 superamur
1979 2022 2056 2126 iri,

776 2175 927 2259 neque,
960 2147 1125 2232 absoluto
1155 2144 1332 2250 calculo,
1368 2141 1549 2228 nodosam
1578 2142 1702 2229 hocce
1734 2147 1933 2258 negotium
1961 2148 2057 2230 ulte·

777 2279 869 2361 riori
901 2274 1077 2383 indagine
1108 2275 1292 2382 indigere.
1345 2269 1467 2358 Terra
1500 2271 1611 2356 toties
1639 2273 1833 2380 dimensa,
1875 2274 1957 2383 quia
1987 2273 2057 2357 du-
2202 2335 2203 2356 t

756 2404 919 2505 hirec,
969 2402 1061 2510 quin
1111 2402 1159 2484 ad
1212 2399 1400 2484 maiorem
1452 2401 1721 2483 certitudinem
1777 2397 2058 2510 obtinendam,

778 2529 920 2614 rursum
953 2531 1065 2622 certis
1097 2527 1140 2610 in
1169 2525 1261 2610 locis
1292 2523 1535 2612 mensuranda
1566 2523 1647 2612 stt?
1678 2527 1776 2642 Quis
1807 2529 1923 2638 iginu
1955 2527 2056 2612 dubi·

761 2656 909 2763 ·tabit,
941 2655 1032 2764 quin
1052 2653 1288 2765 parallaxcos
1321 2652 1451 2738 Lunae
1478 2656 1694 2763 quantitas,
1727 2677 1845 2766 aeque
1861 2680 1906 2740 ac
1925 2655 2057 2764 plane-
2088 2736 2092 2748 ,

781 2800 937 2882 tanam,
971 2781 1122 2866 diuersis
1150 2779 1412 2890 turiffimisque
1444 2781 1635 2866 methodis
1660 2781 1781 2891 magia
1808 2783 2004 2892 magisque
2018 2783 2061 2868 stt

782 2906 1003 2994 slahilieada
1037 2903 1054 2992 ἰ
1103 2907 1301 2992 Eiusmodi
1332 2931 1428 2989 vero
1457 2907 1653 2994 methodis
1681 2911 1980 2992 annumerandas
2009 2909 2060 2995 cll
2208 2999 2209 3004 Ν

619 3033 628 3048 ”
783 3035 921 3122 modas
952 3033 1197 3144 intelligandi
1228 3030 1359 3116 Lunae
1392 3031 1600 3142 paralhxin
1631 3033 1727 3118 binis
1749 3033 1950 3121 obseruatis
1967 3033 2062 3121 Solis

783 3159 1013 3272 eclipfibus,
1045 3160 1162 3244 altera
1192 3159 1379 3250 innodo
1411 3157 1541 3244 lunae
1571 3159 1823 3266 ascendente,
1857 3164 1973 3247 altera
1998 3187 2062 3248 ru·

739 3321 744 3329 ·
784 3308 866 3376 tem
915 3289 956 3370 in
984 3285 1109 3373 Nodo
1150 3285 1394 3372 descendente
1435 3285 1629 3373 celebratis
1657 3291 1820 3374 innixus.
1884 3287 2064 3405 Denique

786 3438 916 3502 annm
949 3412 1051 3500 haud
1085 3418 1208 3500 minus
1239 3416 1353 3524 digua
1383 3433 1424 3498 et
1454 3417 1665 3524 expedita,
1696 3415 1771 3500 huc
1813 3415 1927 3528 usque
1967 3412 2063 3500 aero

786 3539 984 3651 neglesta,
1018 3542 1163 3626 ridetur
1182 3541 1411 3645 methodus,
1445 3567 1557 3650 quam
1577 3544 1639 3656 hic
1658 3551 1872 3654 proponam
1893 3611 1906 3652 ,
1935 3545 2064 3628 obser·

739 3732 746 3746 .
787 3671 882 3754 tatis
904 3665 1100 3774 eclipsibus
1125 3668 1291 3752 marum
1312 3694 1333 3751 a
1351 3667 1457 3752 Luna
1484 3671 1588 3752 nixa.
1618 3667 1720 3755 Cum
1741 3673 1843 3754 enim
1870 3668 2064 3758 eiusmodi

787 3791 939 3903 eclipses
969 3791 1049 3876 satis
1064 3793 1137 3878 stnt
1162 3792 1390 3906 srequeutes,
1422 3797 1603 3906 stmulque
1639 3817 1941 3904 momentaneae,
1968 3819 2066 3882 neo·

787 3923 998 4030 tericqrnm
1056 3910 1225 4026 nonnulli
1288 3921 1434 4006 taranta
1489 3923 1643 4009 successa
1694 3925 1774 4008 illas
1823 3921 2063 4035 longitudini·

788 4053 854 4136 bns
887 4045 1113 4133 terrestribus
1143 4049 1346 4136 accuratius
1374 4049 1596 4136 definiendis
1628 4051 1881 4138 adhibuerunt.
1961 4051 2068 4170 Quid

788 4179 905 4290 igitur
952 4173 1119 4280 obllat,
1165 4201 1233 4259 cur
1281 4199 1359 4260 non
1408 4201 1526 4288 acque
1557 4177 1739 4282 feliciter,
1772 4179 1856 4264 data
1890 4179 2067 4264 tocomm

788 4302 1000 4392 differentia
1032 4303 1332 4390 meridianorum
1369 4369 1382 4409 ,
1427 4304 1660 4416 parallaxeos
1697 4305 1832 4391 lunaris
1869 4303 2071 4418 quantitati

789 4430 932 4540 saepias
959 4445 1001 4511 et
1033 4430 1072 4514 in
1105 4429 1254 4516 diuersis
1285 4431 1421 4516 lunaris
1451 4433 1611 4519 orbitae.
1626 4432 1774 4545 pundlis
1791 4431 2073 4545 inuestigandae

628 4578 630 4583 ·
775 4556 973 4644 insemire·
994 4554 1170 4669 poffintl
1289 4627 1297 4646 f
1347 4636 1351 4646 .
1933 4561 2076 4648 saten-
