4484 5934
338 491 342 502 '
501 505 1160 629 ETEIVSVSV.
1380 543 1471 628 ³09
1625 542 1694 596 .'

188 753 253 842 iis·
275 751 382 840 radio
409 751 610 840 astiiiitatir
636 753 807 864 corporis
834 749 1106 860 elesttifirati,
1137 771 1178 841 et
1215 757 1374 847 astitudo
1408 762 1477 858 tri-

193 884 305 994 psum
337 885 428 969 latiis
459 884 577 989 cubi3
613 898 655 964 et
686 883 855 998 ¹tandem.
901 890 947 983 a)
984 879 1051 964 Ex
1071 871 1245 992 sphaera
1277 891 1369 974 radii
1408 913 1469 974 ae·
1617 882 1624 896 ’

190 1011 313 1118 quisis
358 1012 467 1095 radio
510 1007 705 1094 astiuitatis
750 1008 841 1092 tubi
884 999 1135 1107 eleetrifirati.
1211 1009 1360 1096 Vltima
1391 1039 1477 1124 part

155 1137 160 1144 '
189 1131 396 1245 summae,
425 1138 612 1224 nimirum
643 1133 827 1245 sphaera,
858 1127 1038 1246 inprimis
1068 1133 1179 1229 venit
1195 1139 1475 1250 confidetanda.

348 1266 415 1350 Ad
443 1265 606 1378 angulos·
632 1261 773 1346 solidos
813 1267 1032 1370 ptisinatrun
1074 1263 1317 1352 continentur
1353 1265 1473 1352 sesto·

191 1416 256 1478 tes
287 1391 495 1504 sphaerae,
527 1391 650 1494 radii,
681 1390 839 1502 aequalis
866 1390 973 1474 radio
996 1387 1195 1477 astruatis
1207 1395 1380 1505 corporis
1397 1395 1478 1492 ele·
1591 1467 1595 1473 .

54 1517 56 1524 ’
192 1520 374 1609 deificati
393 1571 408 1627 ·‚
448 1521 566 1604 tribus
610 1516 731 1628 planis
767 1581 780 1624 ‚
825 1515 867 1598 iii
904 1515 1041 1630 quibus
1079 1516 1285 1608 sessoribus
1317 1529 1476 1608 materia

188 1647 372 1736 eleetriea
403 1650 542 1758 agitata
575 1647 814 1748 continetur,
853 1661 893 1725 et
930 1633 1079 1728 sumnia
1117 1649 1298 1734 omniurn
1337 1649 1476 1738 talium

192 1773 390 1859 festorum
422 1778 463 1858 iu
499 1770 675 1882 prisinate
707 1769 757 1851 est
790 1768 953 1878 aequalis
985 1767 1161 1879 sphaerae
1177 1772 1360 1887 integrae,
1378 1781 1477 1865 eiiii·

156 1905 290 1988 urin
322 1901 425 1985 radii.
490 1899 536 1986 ln
565 1898 747 2008 ptisinate
781 1895 996 2008 triangulati
1030 1896 1157 2003 tesso,
1188 1901 1240 1984 est
1280 1904 1369 1988 hinc
1400 1931 1474 1992 vo.

186 2030 327 2114 sumen
357 2027 535 2112 materiae
567 2017 794 2131 elestricae,
826 2021 894 2108 uui
926 2024 1063 2134 angulo
1095 2024 1217 2111 solido
1231 2027 1478 2145 adhaerentia,

170 2157 302 2240 =sexta
334 2179 422 2264 pars
451 2151 669 2266 praedaene
701 2147 906 2262 sphaerae,
939 2150 978 2232 iii
996 2151 1178 2262 prismate
1195 2158 1478 2270 quadrangulari

192 2283 333 2368 osiaua
358 2305 443 2391 pais
469 2279 678 2384 eiusdem,
708 2279 749 2362 in
780 2279 958 2394 priimate
988 2275 1293 2390 quinquangulati
1321 2295 1362 2384 ,ᾗ
1390 2311 1477 2397 para

190 2429 275 2496 etc.
311 2407 574 2522 consnuurntm
605 2409 645 2494 iu
674 2401 858 2518 priinate
885 2401 1176 2517 infinninguini
1219 2407 1302 2496 siue
1350 2412 1478 2529 cysin-⁴

185 2539 264 2624 ἀπο
286 2535 535 2625 infinitesinia
564 2561 665 2646 parsi
1191 2613 1197 2622 .
1323 2591 1340 2630 -.

347 2661 585 2750 Considerat‘i
622 2679 848 2770 trimeter,
888 2686 943 2748 eo
974 2659 1101 2754 maius
1153 2662 1230 2748 esse
1286 2667 1475 2760 volumen
1516 2692 1521 2701 ·

193 2793 384 2899 materiae
426 2793 632 2882 eleetiicae
654 2792 816 2900 agitatae
849 2854 867 2894 ,
902 2789 1054 2912 ⁵angulo
1091 2789 1216 2879 solido
1244 2792 1477 2905 inclusum,

196 2904 275 3034 quo
315 2922 464 3008 acutior
495 2921 550 3008 est
561 2919 716 3028 augustas
741 2913 871 3003 baseos
903 2915 1113 3028 prismatis,
1146 2917 1318 3008 lateribus
1348 2923 1477 3039 baseos

172 3047 392 3172 inclusus,
415 3073 474 3152 eo
501 3049 631 3145 uniaris
664 3069 761 3129 vero
793 3047 870 3160 esse
900 3041 1135 3154 praedictum
1153 3045 1366 3155 volumen,
1398 3074 1479 3166 quo

196 3178 366 3264 obtusior
389 3176 448 3260 est
474 3171 633 3286 angulus
664 3171 907 3282 ptatdisius,
939 3171 968 3256 si
1006 3173 1126 3258 radius
1162 3169 1364 3260 affinitatis
1400 3200 1476 3290 po-

191 3297 300 3394 nitur
331 3305 451 3388 idem..
509 3300 660 3418 Quodsi
691 3325 790 3384 nuuc
822 3318 981 3409 ponatur
1019 3298 1226 3394 materiam.
1255 3300 1476 3391 eleriacum

189 3441 375 3546 agitatam
402 3457 430 3514 :a
456 3429 683 3542 emporibus
713 3451 764 3510 eo
797 3426 985 3518 difficilius
1011 3425 1192 3537 separari,
1223 3454 1303 3541 quo
1329 3431 1370 3515 iii
1387 3432 1476 3542 plu·

195 3567 301 3650 tibiis
333 3559 480 3672 ponetis
513 3557 671 3642 materia
700 3553 797 3643 haee
830 3581 969 3663 corpus
997 3555 1186 3667 contingit
1201 3613 1234 3665 „.
1245 3575 1284 3640 et
1314 3581 1362 3643 eo
1381 3557 1478 3646 saci-
1529 3571 1534 3585 “
1588 3558 1598 3566 ’

195 3694 298 3796 sius,
333 3710 410 3798 quo
439 3692 481 3770 in
521 3684 757 3798 paucioribus
797 3683 954 3794 priumie
982 3688 1063 3770 hoc
1106 3681 1180 3782 fit,
1211 3682 1475 3778 adhaesionem

167 3842 346 3928 „iieinpe
373 3813 474 3904 xhane
500 3812 533 3898 ii
556 3811 812 3917 Jiiisioxuiaiot
842 3812 895 3904 esi·
929 3877 941 3916 ,
983 3811 1180 3925 impedito
1216 3877 1235 3921 ‚.
1273 3818 1479 3931 quonimus

193 3943 527 4050 materia-agitata
550 3965 579 4024 :a
609 3937 828 4051 corporibus
855 3942 1064 4052 separetur,
1098 3958 1137 4024 et
1166 3941 1206 4022 in
1238 3940 1353 4027 aliani
1371 3943 1477 4029 simi·

193 4078 281 4162 lein
314 4070 519 4156 materiam
550 4090 659 4152 extra
690 4091 828 4174 corpus
859 4069 1050 4171 intiirrat,
1091 4085 1134 4148 iit
1171 4066 1367 4154 collisione
1408 4068 1476 4173 lux

194 4205 370 4301 oriatur,
401 4198 429 4284 fi
458 4221 554 4281 ueto
587 4199 714 4278 minor
747 4194 830 4298 cst,
863 4194 1136 4302 separationem
1168 4210 1206 4279 et
1238 4194 1475 4301 collisionem

167 4327 440 4442 ,permistam
466 4304 551 4410 :nnn
581 4325 783 4434 impediri,
810 4339 851 4440 et
885 4323 972 4408 siinc
1005 4325 1149 4409 lucem.
1168 4345 1234 4431 per
1267 4322 1476 4429 sitisnota-

165 4457 278 4552 ..brie
307 4449 549 4548 interuallum
575 4449 792 4546 exhiberi,
824 4475 901 4532 non
933 4449 1136 4540 difficulter
1167 4448 1319 4570 uidetur
1335 4451 1480 4541 rond·
1606 4522 1608 4525 ,

771 4579 896 4696 Qua
1178 4575 1475 4691 as
