4484 5934
771 543 867 630 ³02,
923 519 1027 612 uu
1074 507 1379 608 rnnrcn
1430 510 1935 618 urucrnrcrr.

768 785 821 848 re
843 783 896 844 ex
925 757 1224 871 armosphaera,
1253 755 1436 844 fluminea
1452 752 1612 839 materia
1625 756 1809 866 grauida,
1846 783 2053 866 pmuom.

770 887 842 972 dre
858 887 1023 994 audior,
1055 885 1311 971 machinulam
1329 907 1384 966 ex
1416 883 1550 965 rotulis
1564 883 1821 992 compofitam
1848 885 2050 989 leuiffinnr.

701 1053 704 1062 ‚
771 1038 825 1100 ex
855 1015 987 1098 charta
1015 1012 1218 1116 craffiori,
1256 1011 1371 1096 instar
1410 1007 1622 1092 molendini
1657 1010 1771 1110 alari,
1808 1008 2051 1098 euerricirate

772 1142 821 1224 ad
851 1162 1003 1226 motum
1043 1141 1253 1238 concitauit
1289 1200 1301 1245 ,
1349 1135 1397 1219 ad
1437 1137 1620 1220 materiae
1656 1136 1856 1222 cleoneae
1896 1158 2049 1226 mooun

771 1267 1058 1350 ostendendum.
1138 1266 1247 1352 Haec
1286 1263 1387 1346 forte
1427 1263 1638 1359 machino,
1668 1263 1859 1348 celeritate
1887 1266 2052 1352 circnm-

770 1392 981 1478 volutionis
1012 1393 1147 1478 iudicis
1177 1391 1400 1494 cuiusdam,
1431 1393 1512 1474 eim
1552 1390 1800 1475 eleciricitaris
1837 1389 2051 1477 mensurare

681 1611 685 1617 ,
772 1523 928 1630 poterit.
999 1519 1112 1606 Nihil
1152 1538 1284 1604 tamen
1322 1518 1373 1601 de
1409 1517 1701 1626 imperfectione
1740 1537 1782 1602 et
1809 1515 2049 1628 perfeccione

771 1634 911 1730 h'arum
944 1647 1209 1732 machinarum
1242 1645 1343 1730 mihi
1373 1644 1501 1728 dicere
1540 1645 1664 1754 licet,
1714 1670 1806 1729 cum
1847 1669 1912 1728 eas
1949 1671 2051 1730 non-

771 1773 865 1858 dum
898 1773 1075 1858 adhibere
1107 1793 1146 1858 et
1178 1798 1229 1858 ne
1262 1790 1451 1871 accuratas
1477 1772 1635 1882 quidem
1666 1795 1797 1857 earum
1828 1769 2050 1883 descriptio-

772 1923 841 1984 nes
871 1901 1008 1984 videre·
1027 1901 1186 1986 licuerit.
1251 1899 1316 1984 Eo
1346 1923 1443 2010 ergo
1471 1897 1594 1982 solum
1626 1898 1748 1981 indice
1791 1898 2052 1984 eiecerintatir

773 2023 858 2111 vsru
891 2027 1006 2137 sum,
1037 2030 1102 2139 qui
1136 2029 1177 2111 in
1208 2021 1593 2114 Commentariorum
1624 2025 1763 2110 Tomo
1794 2049 1899 2112 xxv.
1930 2053 1954 2112 a
1987 2052 2052 2113 me
2193 2038 2194 2041 ‘

772 2151 978 2266 descriptus
995 2155 1091 2261 ¹ell,
1120 2174 1161 2239 et
1190 2179 1323 2265 quem
1343 2155 1474 2266 postea
1513 2151 1728 2239 emendaui.
1805 2151 2050 2239 Mentionem

774 2279 930 2390 quidem
964 2283 1089 2370 eriam
1119 2281 1224 2390 feci,
1255 2305 1309 2366 ex
1340 2279 1619 2391 percuffionum
1649 2283 1938 2388 campanulae,
1978 2285 2052 2367 ele·
2194 2384 2195 2395 Ν

774 2407 962 2493 ἂτίεἰωτε
1002 2407 1227 2514 infiamm,
1273 2408 1481 2518 frequentia
1528 2408 1709 2492 iudicium
1745 2402 1833 2524 ferri
1864 2409 1980 2520 polle
2005 2409 2053 2495 de
2194 2402 2195 2419 '

774 2533 925 2620 mutuus
956 2534 1150 2624 elemricne
1180 2535 1385 2619 intensione
1412 2567 1426 2650 3
1463 2535 1683 2646 campanula
1717 2536 1783 2620 tali
1814 2554 1947 2620 tamen
1978 2561 2056 2622 uon

774 2659 859 2746 usus
887 2658 997 2772 sum,
1030 2662 1078 2748 ad
1109 2663 1375 2774 phaenomena
1406 2661 1581 2748 electrica
1610 2660 1856 2770 delinienda,
1887 2663 1949 2748 sed
1976 2661 2054 2746 solo

774 2787 845 2874 nlo
872 2788 1009 2910 lineo,
1040 2791 1085 2874 ad
1116 2790 1283 2900 regulam
1325 2791 1522 2902 pendulo,
1553 2791 1601 2873 de
1633 2810 1711 2900 quo
1740 2777 1837 2873 nunc
1863 2794 2054 2901 quaedam

773 2916 1044 3027 phoenomena
1072 2917 1322 3002 electricitatis
1353 2939 1431 3001 ram
1460 2915 1674 3024 artificalis,
1706 2939 1821 3026 quam
1854 2919 2054 3024 naturalis,
2196 2952 2197 3001 r

773 3061 953 3154 quatenus
983 3043 1107 3127 iudice
1140 3037 1337 3154 praediolo
1365 3043 1523 3132 definita
1539 3041 1650 3147 sunt,
1681 3063 1904 3153 exponere,
1935 3043 2056 3155 plrae-

773 3195 1015 3278 nomenaque
1047 3170 1297 3256 elee'lricitatis
1328 3173 1517 3284 explicare
1548 3169 1735 3258 constitui.

617 3307 621 3330 ²
682 3398 686 3406 ⁴
789 3307 792 3314 '
872 3295 1067 3382 'Iudicem
1099 3296 1351 3385 eleciricitatis
1379 3323 1483 3384 voco
1508 3299 1579 3384 tale
1595 3297 1922 3406 instrumentum,
1954 3303 2053 3385 cuim

772 3444 852 3534 ope
892 3421 1120 3508 elestricitar
1155 3426 1351 3510 cuiuslibet
1389 3428 1602 3542 corporis,
1633 3427 1671 3508 in
1702 3425 1855 3510 diuerfia
1885 3428 2056 3511 circum-

772 3549 946 3657 nantiis,
978 3551 1162 3660 cognosci
1191 3553 1315 3662 potell
1348 3554 1431 3660 ita,
1463 3575 1508 3638 rt
1542 3573 1752 3662 appareat,
1786 3572 1921 3672 utrum
1955 3579 2057 3662 nunc

774 3679 819 3764 srt
852 3680 1008 3786 maior,
1039 3701 1155 3786 quam
1173 3677 1296 3765 aliani
1326 3701 1365 3765 et
1382 3685 1483 3792 quod
1502 3679 1648 3767 inseruit
1664 3677 1807 3788 legibus
1822 3677 2056 3764 eleaticita-

774 3807 826 3888 ris
858 3803 1073 3888 commode
1102 3802 1338 3892 deliniendis.
1387 3807 1592 3893 Probabile
1620 3805 1675 3891 ell
1705 3807 1746 3886 in
1781 3829 1859 3888 unu
1890 3813 2057 3918 regione

704 4039 705 4042 Ν
774 3931 969 4016 maiorem
1010 3929 1305 4016 electricitatem·
1337 3938 1495 4018 excitari
1536 3931 1661 4046 poue,
1698 3955 1822 4043 quam·
1847 3931 1888 4016 in
1921 3935 2058 4020 altera.

771 4051 857 4138 Cel.
893 4053 1238 4143 Mulchenbrockio
1269 4085 1347 4143 non
1378 4061 1515 4148 imitari
1546 4062 1651 4145 licuit
1685 4059 1727 4142 in
1766 4053 1906 4168 Belgio
1937 4087 2059 4172 quae-

771 4187 873 4268 dam·
906 4187 1170 4290 experimenta
1210 4186 1422 4295 eleeirica,
1463 4211 1555 4272 nec
1578 4185 1676 4270 milri
1714 4182 1780 4269 hic
1827 4187 2061 4298 Perropoli,

772 4335 866 4417 quae
898 4313 935 4395 in
968 4303 1204 4420 Germania,
1234 4309 1391 4424 Gallia,
1421 4311 1530 4400 ltalia
1560 4332 1670 4423 capta
1711 4307 1792 4396 sunt
1831 4309 2060 4400 nliciffime.

772 4431 839 4522 De
869 4451 1015 4549 magno
1044 4457 1176 4526 autem
1206 4445 1557 4559 experimentarore
1589 4437 1940 4530 Mruchenbrockio
1967 4465 2059 4551 per·
