4484 5934
167 556 172 565 '
246 461 295 645 ’,
355 541 448 643 llll
491 469 869 641 CORPORE
916 537 1297 635 numm
1368 562 1466 648 aar

186 782 348 870 tandem
363 801 538 867 omnem
556 779 682 866 inilia
699 781 784 865 vim
800 779 1068 867 contradilem
1086 779 1235 892 superat
1248 801 1289 869 et
1306 783 1472 872 delituit.

186 913 288 1023 Agit
318 913 465 1023 qttippe
492 929 626 996 mutua
659 911 761 992 iuter
788 929 916 1020 partes
945 911 1066 994 uirtus
1091 913 1286 998 attrahens
1314 915 1360 999 ad
1385 939 1473 1002 cer.

186 1061 268 1126 tam
299 1041 425 1136 modo
452 1040 697 1145 distantiam,
730 1039 772 1120 in
799 1038 951 1133 minori
982 1035 1184 1120 interuallo
1223 1039 1359 1122 sortior
1389 1105 1400 1142 ,
1434 1043 1474 1126 in

188 1170 331 1254 maiori
355 1169 543 1272 debilior,
576 1167 746 1254 delineas
777 1165 819 1248 iu
848 1168 1015 1273 iisdem,
1059 1183 1169 1250 extra
1209 1164 1292 1250 suae
1330 1167 1479 1251 uirtutis

183 1297 332 1382 limites
359 1296 539 1385 exteufis.
602 1296 785 1408 Orirmtut
811 1314 904 1378 tuuc
945 1295 985 1377 ia
1032 1293 1200 1403 partibus
1251 1293 1477 1405 campolitis

184 1447 328 1510 omnes
356 1421 415 1508 illi
452 1423 584 1510 morbi
612 1422 791 1506 tamtum
826 1440 869 1506 et
897 1423 1120 1528 vilcenam,
1155 1445 1227 1532 per
1261 1425 1396 1531 grados
1413 1423 1478 1509 'ad

187 1551 377 1662 paralysin
405 1572 450 1638 et
475 1551 650 1636 continui
674 1547 902 1636 solutionem
929 1573 1076 1653 usque,
1105 1553 1172 1657 qui
1198 1574 1221 1632 a
1250 1550 1340 1636 laxa
1357 1567 1396 1634 et
1422 1553 1478 1634 ni·

186 1681 267 1764 tuis
295 1679 414 1764 debili
442 1679 569 1783 fibra,
599 1705 717 1788 quam
747 1696 793 1762 ut
822 1675 1041 1765 naturaliter
1079 1675 1326 1764 contrahatur
1357 1745 1372 1789 ‚
1408 1679 1480 1764 de·

187 1811 374 1918 pendent.
828 1899 833 1906 ,

310 1931 416 2020 Cum
460 1959 554 2045 ergo
599 1934 743 2018 ultima
792 1935 1060 2020 constituentia
1101 1933 1219 2020 solida
1264 1937 1483 2045 aarum,

130 2069 137 2074 ’
182 2062 262 2148 alia
293 2062 434 2146 rocula
462 2061 549 2145 aliis
584 2063 871 2168 denominata,
921 2063 1196 2172 significatione
1224 2067 1363 2150 eadem
1399 2061 1482 2180 (a)a

186 2189 267 2304 ipsa
297 2190 566 2302 fimpl'ciffima
592 2209 638 2271 et
668 2194 778 2274 unica
813 2254 828 2296 ‚
878 2189 918 2271 in
952 2214 1180 2300 quocunque
1218 2195 1404 2301 animali,
1434 2207 1480 2276 rt

183 2320 304 2404 omui
333 2319 527 2428 vegetanti
545 2378 559 2409 „
582 2319 784 2428 explorata
823 2317 876 2399 ita
908 2319 1009 2401 iuter
1040 2321 1080 2401 le
1116 2338 1395 2426 conuenrunt,
1438 2343 1480 2428 ro

186 2444 259 2530 arel
284 2437 529 2531 attentilsrma
558 2446 750 2554 indagatio
780 2443 921 2528 nullam
936 2448 1036 2530 inter
1051 2443 1112 2528 illa
1137 2446 1396 2532 differentiam
1410 2449 1480 2531 do-

137 2598 142 2608 ·
184 2574 438 2685 prehendat3
467 2598 638 2684 cumque
683 2573 865 2656 cohaesio
912 2574 1048 2657 ultima
1095 2573 1138 2656 in
1187 2584 1348 2684 iitroque
1398 2597 1479 2660 non
1587 2600 1589 2610 ·

184 2703 381 2810 soluitur,
409 2703 482 2787 uili
513 2728 587 2812 per
615 2701 751 2786 riuum
768 2703 916 2810 ,ignem
946 2701 990 2783 in
1018 2725 1108 2786 aura
1131 2711 1295 2810 aperta,
1327 2721 1394 2789 aut
1411 2720 1482 2813 pet

184 2831 324 2934 aeris,
345 2854 466 2937 aquae
481 2894 497 2934 ‚
511 2850 555 2928 et
568 2829 784 2938 temporis,
804 2829 1026 2912 diuturnam
1041 2827 1240 2914 aelionem
1260 2890 1274 2933 ‚
1292 2855 1340 2913 an
1357 2830 1480 2914 etiam
1564 2843 1568 2872 ¹

177 2956 396 3040 uinculum
426 2957 611 3056 aduramur
642 2958 683 3034 in
715 2954 824 3057 hoc,
854 2979 972 3064 quam
1002 2958 1046 3042 in
1076 2955 1173 3056 ilina
1213 2956 1268 3040 eil
1310 2955 1483 3066 perfodio

183 3083 300 3168 idem
331 3084 682 3192 auriolo-oleosum
712 3079 881 3190 gluten?
907 3084 1060 3167 Praeter
1095 3083 1360 3167 destructionis
1391 3109 1485 3168 cau·

182 3212 285 3294 dem
317 3212 358 3292 in
384 3211 616 3294 cohaesione
646 3231 907 3292 memoratam
947 3214 1136 3295 rationem
1171 3274 1186 3316 ‚
1234 3234 1365 3296 nonne
1383 3199 1386 3204 ’
1406 3213 1484 3296 hoc

182 3338 326 3424 firmat
356 3336 522 3447 ipsorum
553 3333 835 3450 elementorum
868 3336 1013 3422 smuma
1051 3337 1254 3446 soliditas,
1297 3339 1481 3449 firnplici·

185 3486 281 3570 aas,
310 3465 552 3548 adamantina
566 3465 755 3574 druides,
783 3466 1110 3570 immutabilitas,
1141 3453 1312 3577 adeoque
1332 3470 1371 3550 in
1390 3491 1492 3588 omi

183 3594 302 3678 nibus
333 3591 450 3700 ligura
480 3595 647 3674 omnino
674 3610 717 3671 et
747 3592 895 3700 prorsuis
924 3597 1094 3698 eadem,
1124 3613 1165 3678 et
1196 3595 1276 3677 talis
1304 3596 1483 3704 quidem,

182 3747 291 3831 quae
322 3720 567 3803 lulummudo
594 3719 762 3826 iungitur
792 3744 863 3826 per
891 3721 1058 3830 simplex
1089 3721 1285 3806 iinculum
1320 3726 1404 3828 ita,
1437 3740 1482 3806 at

184 3875 264 3959 per
294 3850 389 3957 ignis
419 3867 459 3928 er
489 3844 641 3959 frigoris
679 3846 876 3930 actionem
908 3851 1094 3932 alternam
1146 3871 1297 3933 remma
1337 3869 1378 3932 et
1417 3851 1481 3935 ad·

182 3977 305 4060 dulia
338 3976 522 4085 principia
567 3976 609 4056 iu
650 3975 879 4082 compofitis
923 3977 1149 4086 corporibus
1188 3977 1479 4061 raresadlionem

179 4123 233 4186 et
262 4095 604 4205 condonationem
643 4101 849 4211 efficiaut3
893 4130 992 4214 quae
1021 4124 1173 4213 praeter
1190 4105 1296 4188 illum
1325 4172 1337 4211 ‚
1367 4130 1483 4212 quem

181 4257 248 4314 ex
297 4231 461 4338 impulsu
506 4229 641 4339 liquidi
681 4232 901 4315 uotartimus
944 4235 987 4315 in
1026 4233 1287 4341 compositis,
1326 4253 1480 4316 motum
1553 4217 1555 4220 ⁵

182 4360 421 4442 continuum
469 4359 655 4444 excitant.
697 4354 816 4441 Certe
841 4361 998 4471 quidem
1028 4366 1123 4443 cum
1155 4360 1483 4472 deprehenderant

629 4561 639 4573 .
764 4488 928 4574 Arar
1055 4521 1060 4533 ·
1267 4555 1276 4570 .,
1324 4489 1481 4572 dudum

244 4663 300 4772 (ι)
323 4665 569 4743 Muscheubrock
595 4667 721 4747 lrdlitut.
747 4672 875 4772 Physrr„
893 4689 925 4768 ς.
947 4699 1008 4769 4³·
