4484 5934
329 381 339 404 '
391 435 882 600 trprvr
941 439 1136 617 uer
1347 439 1450 572 ῥυ,

176 679 292 776 error
319 589 432 793 inm,
457 681 585 798 ipsum
614 681 702 768 satit
729 684 911 772 tll'uetnm
940 605 1024 771 ene
1048 679 1329 797 experimentis
1349 705 1446 774 cum

175 839 265 900 cura
300 833 339 898 et
363 809 701 924 circumipcdione
720 812 976 920 instituendis
1001 827 1042 894 et
1058 814 1298 902 occafionem
1322 811 1473 900 etiam'

161 931 381 1048 'inbuid'e‚
411 939 632 1026 machinam
663 938 841 1026 idoneam
873 961 914 1025 et
946 935 1256 1048 persediliimam
1289 939 1445 1025 eledri·

173 1091 259 1152 carn
279 1066 345 1152 fibi
360 1066 626 1179 comparandi.
690 1064 835 1177 Neque
865 1065 1114 1152 dubitandum
1144 1061 1231 1174 eli,
1260 1063 1447 1148 curtrici-
1591 1121 1597 1132 ι

173 1211 296 1280 tarem
338 1194 571 1302 naturalem,
601 1193 642 1276 in
673 1191 944 1304 armosphrera
969 1190 1106 1304 sponte
1122 1202 1372 1302 genearum,
1405 1191 1448 1278 itt
1585 1207 1603 1238 ²

173 1321 249 1406 tna
280 1323 436 1432 regione
468 1323 659 1405 maiorem
701 1319 808 1426 effe,
848 1345 965 1430 quam
1003 1321 1046 1404 iu
1086 1321 1195 1405 alia:
1236 1343 1259 1401 e
1297 1341 1342 1401 re
1374 1317 1445 1427 igi·
1545 1375 1555 1386 ·

174 1462 238 1530 tur
283 1451 416 1560 vtique
454 1446 559 1554 erit,
590 1445 879 1532 instrumentum
912 1445 1065 1557 aliquod
1097 1445 1314 1553 adhibere,
1344 1441 1450 1555 quod

170 1571 366 1658 disctinren
390 1573 582 1660 eiusmodi
614 1573 755 1684 prodit
1474 1661 1479 1668 ,

321 1700 463 1786 Vtrum
495 1721 608 1784 meur
634 1698 754 1782 index
792 1697 991 1810 aliqualem
1030 1698 1236 1786 utilitatem
1273 1690 1450 1783 habenti

168 1847 226 1911 ex
255 1825 488 1938 sequentibus
517 1823 756 1908 iudicandum
790 1823 855 1909 eli.
918 1827 987 1912 Ex
1018 1825 1159 1912 Tomo
1186 1849 1294 1912 xrr
1320 1821 1444 1912 Com·
1455 1789 1509 1913 'ir
1511 1837 1641 1923 cvm.

168 1957 447 2040 mentatiorum
479 1946 725 2058 perspicitur,
758 1949 867 2034 illum
900 1951 998 2040 nihil
1029 1953 1138 2040 aliud
1162 1951 1267 2061 ede,
1306 1951 1513 2040 nidd-1
1469 1952 1550 2060 dig
1576 1989 1613 2038 r

168 2075 252 2164 ium
284 2077 431 2164 lineum
464 2071 613 2172 ABr}
646 2075 752 2186 pedit
780 2073 907 2162 Londr
937 2099 979 2164 et
1010 2079 1159 2165 dimidii
1189 2079 1294 2192 grani
1326 2082 1450 2166 medi·

169 2205 206 2290 ci
241 2229 367 2317 prope
398 2203 563 2314 tegulum
595 2201 711 2286 latam
743 2203 964 2288 verticalem
997 2201 1112 2310 AC,
1143 2206 1374 2317 adplicatum
1407 2223 1451 2293 et

167 2355 225 2416 ex
252 2327 423 2442 suprema
452 2331 600 2440 regulae
634 2347 741 2440 parte
773 2330 821 2413 ad
853 2328 946 2414 lator
984 2329 1172 2442 angustius
1212 2331 1450 2444 pendulum,

168 2457 232 2542 iub
263 2483 341 2570 quo
371 2459 551 2570 quadrans
581 2457 725 2566 ligneus
754 2451 979 2544 DEFGH
1012 2459 1128 2570 paulo
1159 2460 1315 2544 maioris
1339 2461 1449 2571 radii,

170 2610 287 2696 quam
323 2585 522 2696 longitudo
551 2581 607 2666 fili
637 2583 739 2691 est,
789 2584 842 2670 ita
872 2581 1016 2670 locator
1050 2651 1064 2694 ,
1098 2603 1142 2670 tt
1173 2587 1358 2698 puodium
1388 2583 1445 2674 su-

168 2703 371 2858 ipcnsrortie
403 2711 470 2796 fili
490 2710 535 2796 irt
565 2729 740 2796 centrum
774 2710 990 2824 quadr-untia
1021 2732 1060 2795 et
1091 2713 1246 2824 planum
1263 2713 1448 2826 quadran·

169 2840 219 2924 tls
245 2865 336 2926 cum
370 2823 533 2924 steiioue
563 2837 713 2946 regulae
744 2837 914 2922 verticuli
932 2861 1097 2948 ‚eaque
1125 2840 1353 2951 ampliori,
1400 2839 1448 2929 stt

168 2967 210 3052 io
242 2933 383 3052 eodem
417 2961 545 3076 plano
610 2959 653 3048 Si
692 2962 777 3048 talis
822 2903 946 3072 reguli
992 2989 1083 3051 cum
1133 2968 1249 3052 malit
1299 2965 1449 3057 electri·

167 3091 283 3180 ficata
311 3093 365 3177 eli
396 3115 601 3190 connexa,
634 3090 699 3201 aps
698 3115 712 3174 ι
743 3073 988 3176 eleetoficua
1026 3092 1181 3204 repellit
1219 3091 1331 3178 filum
1371 3093 1448 3180 eie
1529 3103 1533 3110 ’
1634 3107 1639 3116 ’

163 3217 449 3320 edificatum,
495 3217 743 3328 quodetiam
776 3217 978 3326 quadrante
1005 3215 1140 3330 ligneo
1170 3243 1251 3304 non
1290 3217 1448 3306 elteri.-

163 3343 292 3433 fictto
337 3281 551 3432 attrairitur
636 3341 676 3425 T
677 3344 725 3428 uir
774 3341 960 3452 ratione,
1009 3371 1086 3456 quo
1131 3349 1253 3456 magia
1300 3347 1448 3437 recedit

160 3476 283 3563 frium
322 3499 343 3558 a
384 3469 557 3581 regula,
606 3494 656 3555 ro
688 3470 816 3554 maior
847 3471 1068 3558 tiedricitaa
1107 3474 1272 3560 excitata
1302 3473 1349 3560 su
1380 3499 1451 3563 ne·
1499 3504 1502 3512 ·

157 3607 266 3692 celle
306 3599 372 3686 cli
1455 3663 1459 3670 .

320 3723 543 3812 Cauendum
572 3727 707 3814 eriam
703 3675 777 3838 eil,
807 3753 856 3813 ne
887 3728 1080 3842 pinguedo
1111 3749 1152 3815 et
1180 3750 1266 3817 tera
1298 3727 1450 3841 tegrino

158 3851 385 3944 metullicue
416 3853 644 3954 adhaereat,
674 3881 770 3968 quae
800 3857 974 3968 efflet„
1023 3877 1070 3943 ut
1107 3834 1219 3944 filum
1261 3884 1285 3944 a
1316 3856 1447 3969 regule

151 3982 441 4072 elestrificata
431 4009 470 4065 ιη
486 4006 538 4065 co
554 3979 727 4094 punito,
761 3983 827 4068 rbi
857 4009 944 4068 cert
975 3983 1187 4087 adhaeret,
1220 4009 1300 4070 non
1316 3981 1442 4095 repel-

147 4111 298 4216 letur,
331 4111 388 4196 sed
421 4110 548 4222 potius
575 4113 782 4194 retineatur
811 4135 924 4223 quum
970 4110 1251 4217 reordinare,
1301 4113 1447 4196 indicio

145 4231 405 4346 certiffimo,
437 4238 619 4324 materiae
650 4235 844 4323 niedricae
876 4239 1119 4348 agitationem
1149 4239 1190 4322 in
1229 4237 1307 4322 lroc
1342 4263 1446 4348 pun·

144 4364 483 4464 normulam
515 4365 726 4486 impediri,
757 4359 817 4454 sed
848 4364 965 4455 etiam
996 4391 1121 4464 cerem
1150 4367 1267 4456 aliam
1297 4365 1447 4452 elteri·

1350 4513 1450 4582 tite·
1520 4535 1526 4544 ’
