4484 5934
738 557 938 691 tart

189 821 314 910 noster
342 823 497 906 siatrem
529 823 668 930 suum,
698 825 793 908 dnm
824 824 904 912 hoc
935 829 1132 942 specimen
1167 826 1382 935 inaugntaie
1420 827 1493 939 ipfi

186 951 428 1056 inscriberet,
462 951 722 1037 Hermaeum
753 940 870 1038 Katre
904 956 1132 1044 mertanne
1145 956 1367 1063 adpeliauit.
1400 957 1493 1041 Hoc
1587 983 1591 988 ’

182 1099 450 1196 argumentum
484 1082 762 1190 opponendum
798 1084 1135 1187 obtrectatoribus,
1166 1086 1232 1191 qui
1249 1085 1467 1167 dubitarunt
1479 1146 1494 1189 ‚

185 1210 383 1294 utrntn're
410 1231 498 1289 uera
523 1207 725 1294 auunculus
742 1231 929 1320 nepotem
949 1218 988 1296 in
1017 1211 1336 1299 communionem
1364 1213 1495 1318 omni.

183 1339 237 1421 nis
281 1337 536 1446 adoptauerit.
602 1336 712 1424 Nam
755 1341 861 1424 vixit
896 1343 1022 1429 adhuc
1063 1339 1296 1424 venerandus
1341 1338 1494 1445 steen,

180 1491 269 1550 cum
302 1462 491 1574 specimen
523 1465 619 1549 isiud
657 1467 873 1577 inaugurale
904 1473 1007 1580 typis
1046 1467 1333 1550 exscriberetur.
1359 1465 1493 1552 >Nem

183 1598 283 1678 ausus
333 1593 450 1676 iuuet
482 1595 607 1678 noster
632 1593 737 1678 sraui
776 1595 843 1678 suo
883 1595 1120 1684 Baethaemi
1159 1617 1332 1699 nomeu,
1376 1619 1495 1678 ariun-

181 1724 267 1807 culo
300 1721 519 1828 superstite,
551 1723 743 1830 tribuere,
784 1725 853 1810 nisi
883 1727 949 1810 hic
982 1745 1068 1808 ante
1107 1723 1259 1806 obitum
1298 1721 1406 1807 suum
1438 1722 1490 1805 ita

184 1847 355 1934 iussisset}
385 1849 626 1934 Hermaeum
659 1850 745 1960 post
776 1853 941 1939 modum
977 1877 1081 1938 anno
1121 1877 1233 1957 1740
1267 1847 1487 1960 Pettopolin

183 1979 350 2062 nostram
381 1996 586 2081 euocatus,
619 1996 733 2086 atque
763 1979 872 2062 ausae
904 1980 1173 2088 Imperatoriae
1189 1980 1365 2064 Medicus
1393 1999 1490 2061 con·

183 2107 325 2191 sinatus
348 2104 421 2186 esi„
443 2108 563 2186 Anno
587 2122 703 2206 1743
726 2105 950 2212 dignitatem
970 2103 1183 2188 Consiliarii
1202 2106 1344 2209 status,
1369 2117 1488 2207 1748

182 2237 240 2320 die
269 2232 346 2318 Vl.
397 2227 631 2314 Decembris
679 2226 892 2314 Consuliarii
920 2232 1050 2314 intimi
1099 2250 1143 2314 et
1193 2233 1488 2315 Archiattorum

182 2360 346 2447 Comitis
375 2384 518 2442 munus
550 2358 737 2457 obtinuit,
770 2361 813 2441 in
845 2385 953 2470 quo,
985 2358 1166 2444 omnibns
1214 2361 1389 2465 amicus,
1422 2383 1491 2442 ne-

179 2491 278 2578 naim
307 2488 466 2594 inuisus,
497 2486 639 2573 buram
672 2485 814 2572 Medici
845 2487 1225 2592 constrmmatiffrmi‚
1256 2511 1370 2597 quem
1412 2487 1491 2571 fort

178 2643 269 2706 earo
298 2618 506 2720 desereret,
539 2616 626 2724 posi
658 2613 693 2698 b
724 2615 1485 2730 relinquens,dieViIOdtobrir1753
1567 2670 1573 2680 .
1613 2675 1617 2682 .

182 2747 365 2832 Moscuae
378 2742 543 2828 decessit·
567 2743 640 2826 Hic
652 2769 745 2828 cum
754 2745 897 2854 pariter
914 2744 1023 2858 prole
1038 2743 1201 2828 mascula
1219 2761 1378 2847 careret,
1391 2767 1489 2826 con-

181 2872 362 2958 sentiente
393 2869 471 2956 filia
508 2869 646 2980 Magni
693 2871 933 2982 Boerhaaii,
981 2898 1076 2984 quae
1108 2862 1309 2982 Thraseam
1348 2871 1489 2956 Cumt'u'

183 3001 339 3112 nupsit,
371 2999 473 3082 anno
528 3023 650 3103 1744
695 2975 998 3088 &carantanum
1037 3023 1202 3084 nomem
1253 2999 1291 3081 in
1329 2997 1486 3083 fratrem

184 3124 442 3218 abrahamum
472 3125 677 3233 transtulit,
705 3130 772 3238 qui
802 3130 945 3215 interea
975 3129 1181 3240 temporis,
1213 3151 1313 3210 anno
1342 3151 1487 3238 nempe

188 3270 333 3360 1738,
367 3257 506 3342 librum
532 3255 585 3338 de
625 3251 898 3370 &adspiratione
923 3255 1129 3356 emiserat,
1158 3280 1235 3364 quo
1268 3257 1323 3336 ius
1356 3255 1486 3362 suern,

186 3381 442 3490 Baethatrc'ana'
463 3383 632 3463 nominis
648 3383 861 3464 celebritate
881 3383 1014 3464 utendi
1036 3443 1049 3486 ‚
1068 3380 1339 3464 demonstrasse
1359 3381 1489 3466 uideri

185 3529 344 3624 poterat.
382 3507 516 3592 Multo
546 3510 628 3588 sane
660 3505 780 3590 studio
814 3508 1046 3617 coirscriptus
1076 3508 1134 3589 est
1167 3506 1286 3610 liber,
1315 3527 1355 3590 et
1385 3506 1489 3592 mul-

185 3640 304 3748 tipiici
330 3635 548 3721 eruditione
577 3632 766 3740 refertus,
795 3659 892 3742 quae
925 3659 994 3716 nee
1024 3633 1159 3718 Poetae
1188 3635 1330 3715 ueteris
1360 3633 1486 3744 Latii,

184 3785 379 3878 perpetuas
407 3762 522 3844 nostri
554 3759 733 3866 delicias,
769 3761 954 3844 excludit.
985 3761 1142 3870 Proprie
1175 3779 1216 3843 et
1250 3759 1487 3870 potissimum

183 3893 497 4003 Perspirationem
512 3891 687 3998 corporis
702 3890 894 3998 humani,
926 3909 1004 3976 mm
1035 3909 1268 3992 externam,
1297 3916 1412 4000 quam
1431 3891 1487 3972 in·

182 4040 360 4125 temam,
398 4017 615 4102 anatomice
648 4017 813 4098 illustrat.
880 4015 1042 4100 Accessit
1060 4015 1291 4100 declamatio
1307 4021 1353 4103 de
1378 4016 1487 4102 Gatt-
1610 4041 1614 4048 ·

185 4150 256 4236 diis
289 4147 600 4262 Ala-beureriae
624 4145 685 4228 sub
710 4145 857 4228 calcem
889 4146 1018 4228 recusa
1084 4143 1226 4228 intuitu
1257 4145 1365 4228 huius
1395 4144 1485 4229 iibri

185 4277 392 4362 Academia
427 4273 551 4356 nostra
583 4273 814 4376 aridiorem,
855 4292 943 4354 tunc
977 4271 1130 4382 quidem
1173 4273 1306 4380 Hagae
1344 4266 1483 4354 Comi·

183 4423 265 4488 tum
316 4404 456 4514 praxin
495 4401 683 4484 medicam
724 4420 1001 4504 exerceutem,
1033 4424 1138 4484 anno
1173 4418 1293 4502 1744
1338 4400 1404 4481 die
1438 4424 1485 4482 α.

182 4532 406 4622 Nouembr.
439 4529 549 4618 sociis
579 4528 650 4616 sun
681 4531 821 4618 exteris
871 4519 1144 4618 annumerant.
1207 4527 1297 4614 Hoc
1321 4527 1484 4613 obtento

839 4655 864 4744 s
1397 4654 1482 4742 sus·
