4484 5934
358 435 857 604 Hi,„00⁸‘¹'0ffl
904 470 1275 562 annuant.
1321 535 1327 552 .
1376 491 1495 572 aru·

185 710 385 820 inquinato
415 711 542 798 mium
573 707 761 816 simplicia
790 727 832 793 et
865 706 999 793 uiliora
1031 709 1184 794 metalla
1225 711 1265 794 in
1312 712 1467 794 matrice

181 835 242 918 fita
273 837 502 922 condensari.

321 965 429 1074 Ergo
456 964 631 1048 videntur
660 965 794 1048 omnia
825 961 961 1046 sorcin
980 982 1109 1046 tenum
1141 965 1315 1044 uniuerso
1341 987 1471 1050 creato

183 1092 388 1198 volatilia,
420 1093 545 1174 mixta
575 1094 614 1174 in
646 1091 792 1198 chaos,
822 1091 1008 1176 stabeiiet
1035 1089 1156 1170 Tetra
1182 1107 1221 1169 et
1248 1089 1467 1200 Argentum

183 1219 331 1302 emtum.
396 1218 534 1326 Neque
575 1218 669 1302 haec
712 1218 846 1303 darem
886 1241 1012 1300 rerum
1045 1216 1245 1326 principiis
1275 1215 1471 1320 sormam,

180 1346 249 1428 nist
279 1343 447 1430 iixentut
479 1345 634 1428 illorum
669 1343 860 1428 elementa
891 1370 962 1454 per
992 1344 1196 1428 materiem
1230 1341 1382 1428 fluidam
1409 1347 1471 1428 in-

181 1472 434 1588 cauponum,
465 1493 561 1580 quae
595 1469 804 1582 superficies
828 1492 870 1555 et
896 1469 1106 1582 asperitates
1129 1470 1287 1576 laeuigat
1313 1474 1397 1578 ita,
1429 1492 1477 1574 ut,

181 1600 422 1683 cohaereant.
489 1599 599 1682 Hauc
630 1599 830 1686 materiem
872 1623 988 1682 unam
1019 1595 1129 1698 effe,
1165 1615 1204 1678 et
1236 1595 1394 1679 eartdem
1431 1601 1469 1682 in

180 1724 465 1836 vegetabilibus
477 1745 516 1807 et
532 1723 778 1830 animalibus,
804 1727 859 1810 nti
878 1725 958 1808 sunt
973 1722 1273 1832 fimpliciffima,
1299 1727 1470 1835 adeoque

178 1852 322 1936 eadem
354 1852 541 1959 principia
575 1849 833 1937 constituentia
860 1849 970 1964 ipsa,
1001 1851 1174 1932 euincere
1205 1874 1359 1936 conatus
1402 1852 1467 1936 fui.

178 1975 253 2066 Est
292 1975 442 2060 foritan
483 1996 525 2059 et
563 1975 716 2060 uidetur
758 1980 927 2078 eadem,
960 2003 1055 2086 utrae
1085 1977 1127 2058 iu
1158 1975 1376 2062 soffibilibus
1407 1979 1497 2065 sub·

176 2097 380 2213 Sulphnris
404 2105 566 2193 numine
592 2106 701 2184 venit
727 2131 815 2188 cum
836 2107 899 2188 illa
923 2101 1148 2205 substantia,
1182 2130 1294 2212 quam
1323 2099 1470 2192 Gluten

176 2225 354 2317 diximus
385 2229 427 2314 in
457 2230 618 2342 reliquis.
668 2227 765 2319 inde
795 2231 1080 2340 transmigratio
1111 2251 1164 2310 ex
1197 2254 1279 2312 vno
1307 2256 1473 2342 corpure

176 2355 223 2442 in
264 2357 422 2444 alterum
456 2384 535 2442 non
565 2361 658 2445 adeo
688 2357 842 2444 obscura
873 2355 943 2440 eli.

321 2485 430 2593 Engo
460 2483 610 2576 Foffilia
639 2509 729 2570 cunt
761 2482 1021 2592 vegetantibus
1043 2504 1085 2567 et
1101 2484 1360 2572 animantibus
1375 2481 1472 2574 con&

173 2612 344 2700 veniunt
363 2671 376 2716 ,
392 2613 554 2698 ratione
578 2612 751 2696 materiei
778 2607 962 2712 bannaia,
994 2612 1229 2694 conueniunt
1255 2616 1294 2698 in
1320 2619 1471 2727 quibus·

171 2737 272 2822 dam
306 2731 456 2848 tatione
482 2740 658 2829 materiei
692 2735 843 2820 iixatae.
879 2731 1077 2819 Differunt
1108 2739 1257 2823 ratione
1289 2744 1471 2852 alterius,

134 2917 143 2934 ·
171 2863 359 2948 terrestris
381 2888 522 2970 nempe
545 2863 723 2972 principii
750 2862 814 2946 vel
829 2860 1097 2946 mercurialis:
1130 2850 1254 2970 magis
1279 2851 1471 2977 quidem,

171 3017 290 3100 qtram
309 2989 450 3098 reliqua
477 2990 705 3094 mineralia,
736 2987 925 3098 metalla,
952 3007 994 3069 et
1018 2990 1116 3070 iuter
1135 2987 1264 3100 haec,
1295 3000 1469 3080 maxime

172 3105 455 3225 pitanitium.

187 3323 193 3336 ,
328 3244 396 3328 An
430 3267 538 3352 ergo,
557 3239 666 3346 Ars,
694 3236 786 3350 quae
818 3240 856 3323 iu
890 3263 969 3324 tam
1003 3243 1131 3326 multis
1163 3241 1353 3332 Naturam
1382 3274 1468 3358 pet·

171 3369 279 3455 belle
310 3370 497 3479 sequitur,
531 3366 670 3480 aliquid
706 3367 808 3452 valet
827 3368 1014 3477 perficere
1039 3374 1325 3476 transponendo
1344 3381 1468 3482 prima

172 3498 389 3604 principia,
428 3497 579 3602 iamque
609 3518 659 3577 ex
701 3493 762 3577 his
788 3495 1019 3603 compositus
1053 3499 1199 3604 primas
1232 3503 1469 3617 molerulas,

172 3641 221 3706 vt
252 3624 448 3706 nascantur
478 3646 532 3702 ex
565 3625 646 3703 v'no
678 3645 844 3729 corpore
877 3617 1055 3704 diuersa?

295 3751 512 3846 ‚Nummus
542 3750 734 3855 quidem,
766 3772 838 3857 pet
875 3749 1167 3832 inoculationem
1203 3755 1397 3840 mitescere
1431 3764 1470 3848 in

171 3880 438 3982 vegetantibus
468 3863 736 3983 asperitatem,
789 3899 981 3984 nunquam
1020 3894 1181 3982 tamen,
1231 3903 1273 3962 vt
1315 3887 1468 3991 pristina

172 4003 322 4084 intutus
364 4002 560 4089 deleatur:
604 4025 673 4091 nec
715 4004 855 4108 poterit
905 3999 1108 4084 feliciffmta
1134 4007 1371 4114 ,agricultura
1422 4015 1470 4100 de

171 4129 317 4210 semiue
354 4128 440 4210 auifi
476 4129 683 4236 producere
717 4126 895 4210 suerriruii
939 4131 1125 4238 plantam.
1207 4131 1359 4218 Omnes
1411 4167 1470 4226 ar-

171 4253 297 4338 tifices
330 4256 439 4340 srmul
472 4258 640 4348 intenti,
674 4281 754 4339 non
789 4255 924 4336 facient
959 4259 1111 4338 unicam
1150 4261 1333 4366 guttulam
1370 4267 1471 4374 clay.
1528 4309 1531 4320 ι

166 4382 229 4484 li,
260 4383 366 4468 laclia
385 4371 636 4493 ,‘sangtriuis,
666 4381 767 4489 seri,
802 4381 1012 4489 lymphae,
1037 4384 1149 4491 bilis,
1185 4389 1339 4497 aristae,
1376 4421 1470 4508 qaue
1612 4433 1621 4444 ,

801 4505 968 4593 Bbb2
1058 4601 1066 4612 .
1384 4550 1471 4612 cor.
