<?xml version="1.0" encoding="UTF-8"?>
<!DOCTYPE html PUBLIC "-//W3C//DTD XHTML 1.0 Transitional//EN"
    "http://www.w3.org/TR/xhtml1/DTD/xhtml1-transitional.dtd">
<html xmlns="http://www.w3.org/1999/xhtml" xml:lang="en" lang="en">
 <head>
  <title>
</title>
<meta http-equiv="Content-Type" content="text/html;charset=utf-8" />
  <meta name='ocr-system' content='tesseract 3.04.00' />
  <meta name='ocr-capabilities' content='ocr_page ocr_carea ocr_par ocr_line ocrx_word'/>
</head>
<body>
  <div class='ocr_page' id='page_1' title='image "./novicommentarii11sssrgoog/novicommentarii11sssrgoog_0256.png"; bbox 0 0 4484 5934; ppageno 0'>
   <div class='ocr_carea' id='block_1_1' title="bbox 666 456 1632 627">
    <p class='ocr_par' dir='ltr' id='par_1_1' title="bbox 666 456 1632 627">
     <span class='ocr_line' id='line_1_1' title="bbox 666 456 1632 627; baseline -0.01 -24"><span class='ocrx_word' id='word_1_1' title='bbox 666 456 669 462; x_wconf 19' lang='grc' dir='ltr'><strong><em>Ι</em></strong></span> <span class='ocrx_word' id='word_1_2' title='bbox 773 524 859 627; x_wconf 62' lang='lat' dir='ltr'>mo</span> <span class='ocrx_word' id='word_1_3' title='bbox 1022 469 1027 488; x_wconf 26' lang='grc' dir='ltr'><em>Ι</em></span> <span class='ocrx_word' id='word_1_4' title='bbox 1197 496 1632 597; x_wconf 62' lang='lat' dir='ltr'>Damone</span> 
     </span>
    </p>
   </div>
   <div class='ocr_carea' id='block_1_2' title="bbox 678 732 2058 1799">
    <p class='ocr_par' dir='ltr' id='par_1_2' title="bbox 710 732 2058 1759">
     <span class='ocr_line' id='line_1_2' title="bbox 755 732 2053 865; baseline -0.005 -25"><span class='ocrx_word' id='word_1_5' title='bbox 755 746 973 865; x_wconf 85' lang='lat' dir='ltr'>elapsam</span> <span class='ocrx_word' id='word_1_6' title='bbox 961 771 1003 833; x_wconf 93' lang='lat' dir='ltr'>m</span> <span class='ocrx_word' id='word_1_7' title='bbox 1034 742 1173 858; x_wconf 84' lang='lat' dir='ltr'>angttlo</span> <span class='ocrx_word' id='word_1_8' title='bbox 1204 740 1341 856; x_wconf 86' lang='lat' dir='ltr'>pariter</span> <span class='ocrx_word' id='word_1_9' title='bbox 1369 738 1474 831; x_wconf 76' lang='lat' dir='ltr'>solui</span> <span class='ocrx_word' id='word_1_10' title='bbox 1506 739 1702 852; x_wconf 79' lang='lat' dir='ltr'><strong>addatur,</strong></span> <span class='ocrx_word' id='word_1_11' title='bbox 1732 758 1776 827; x_wconf 87' lang='lat' dir='ltr'>et</span> <span class='ocrx_word' id='word_1_12' title='bbox 1804 732 1954 834; x_wconf 86' lang='lat' dir='ltr'>summa</span> <span class='ocrx_word' id='word_1_13' title='bbox 1980 766 2053 859; x_wconf 89' lang='lat' dir='ltr'>pro</span> 
     </span>
     <span class='ocr_line' id='line_1_3' title="bbox 752 870 2055 993; baseline -0.002 -30"><span class='ocrx_word' id='word_1_14' title='bbox 752 874 803 993; x_wconf 75' lang='grc' dir='ltr'><strong><em>ζ</em></strong></span> <span class='ocrx_word' id='word_1_15' title='bbox 835 881 1028 987; x_wconf 76' lang='lat' dir='ltr'>scribatur,</span> <span class='ocrx_word' id='word_1_16' title='bbox 1061 899 1116 961; x_wconf 86' lang='lat' dir='ltr'>ex</span> <span class='ocrx_word' id='word_1_17' title='bbox 1134 872 1263 961; x_wconf 87' lang='lat' dir='ltr'>eadem</span> <span class='ocrx_word' id='word_1_18' title='bbox 1288 874 1450 963; x_wconf 85' lang='lat' dir='ltr'>formula</span> <span class='ocrx_word' id='word_1_19' title='bbox 1466 870 1656 961; x_wconf 88' lang='lat' dir='ltr'>anomalia</span> <span class='ocrx_word' id='word_1_20' title='bbox 1687 894 1776 955; x_wconf 82' lang='lat' dir='ltr'>aera</span> <span class='ocrx_word' id='word_1_21' title='bbox 1795 870 1855 957; x_wconf 90' lang='lat' dir='ltr'>seu</span> <span class='ocrx_word' id='word_1_22' title='bbox 1885 874 2055 987; x_wconf 84' lang='lat' dir='ltr'>longitu-</span> 
     </span>
     <span class='ocr_line' id='line_1_4' title="bbox 760 995 2052 1119; baseline -0.005 -24"><span class='ocrx_word' id='word_1_23' title='bbox 760 1012 816 1095; x_wconf 90' lang='lat' dir='ltr'>do</span> <span class='ocrx_word' id='word_1_24' title='bbox 832 1008 1008 1119; x_wconf 86' lang='lat' dir='ltr'>planetae</span> <span class='ocrx_word' id='word_1_25' title='bbox 1041 1031 1062 1090; x_wconf 88' lang='lat' dir='ltr'>a</span> <span class='ocrx_word' id='word_1_26' title='bbox 1094 1028 1201 1091; x_wconf 89' lang='lat' dir='ltr'>nouo</span> <span class='ocrx_word' id='word_1_27' title='bbox 1232 1002 1421 1113; x_wconf 85' lang='lat' dir='ltr'>perihelio</span> <span class='ocrx_word' id='word_1_28' title='bbox 1452 1024 1615 1088; x_wconf 90' lang='lat' dir='ltr'>eruetur.</span> <span class='ocrx_word' id='word_1_29' title='bbox 1676 995 1785 1116; x_wconf 83' lang='lat' dir='ltr'><strong>Quae</strong></span> <span class='ocrx_word' id='word_1_30' title='bbox 1815 1020 1948 1087; x_wconf 80' lang='lat' dir='ltr'>autem</span> <span class='ocrx_word' id='word_1_31' title='bbox 1990 1004 2052 1090; x_wconf 88' lang='lat' dir='ltr'>hic</span> 
     </span>
     <span class='ocr_line' id='line_1_5' title="bbox 754 1122 2053 1245; baseline -0.005 -22"><span class='ocrx_word' id='word_1_32' title='bbox 754 1137 808 1223; x_wconf 76' lang='lat' dir='ltr'>sle</span> <span class='ocrx_word' id='word_1_33' title='bbox 845 1134 1139 1245; x_wconf 83' lang='lat' dir='ltr'>perculsronibus</span> <span class='ocrx_word' id='word_1_34' title='bbox 1170 1129 1367 1215; x_wconf 88' lang='lat' dir='ltr'>subitaneis</span> <span class='ocrx_word' id='word_1_35' title='bbox 1404 1124 1483 1213; x_wconf 93' lang='lat' dir='ltr'>sunt</span> <span class='ocrx_word' id='word_1_36' title='bbox 1521 1124 1656 1235; x_wconf 71' lang='lat' dir='ltr'>dista,</span> <span class='ocrx_word' id='word_1_37' title='bbox 1688 1130 1734 1212; x_wconf 89' lang='lat' dir='ltr'>ad</span> <span class='ocrx_word' id='word_1_38' title='bbox 1775 1122 2053 1216; x_wconf 79' lang='lat' dir='ltr'>sollicitationes</span> 
     </span>
     <span class='ocr_line' id='line_1_6' title="bbox 710 1252 2054 1369; baseline -0.003 -20"><span class='ocrx_word' id='word_1_39' title='bbox 710 1280 715 1285; x_wconf 89' lang='grc'><strong>’</strong></span> <span class='ocrx_word' id='word_1_40' title='bbox 754 1264 956 1349; x_wconf 80' lang='lat' dir='ltr'>continuas</span> <span class='ocrx_word' id='word_1_41' title='bbox 985 1259 1092 1345; x_wconf 81' lang='lat' dir='ltr'>facile</span> <span class='ocrx_word' id='word_1_42' title='bbox 1124 1252 1308 1343; x_wconf 80' lang='lat' dir='ltr'>transferri</span> <span class='ocrx_word' id='word_1_43' title='bbox 1337 1253 1512 1369; x_wconf 78' lang='lat' dir='ltr'>posunt,</span> <span class='ocrx_word' id='word_1_44' title='bbox 1545 1280 1635 1341; x_wconf 90' lang='lat' dir='ltr'>cum</span> <span class='ocrx_word' id='word_1_45' title='bbox 1666 1256 1816 1367; x_wconf 81' lang='lat' dir='ltr'>quaeuis</span> <span class='ocrx_word' id='word_1_46' title='bbox 1843 1252 2054 1346; x_wconf 81' lang='lat' dir='ltr'>sollicitatio</span> 
     </span>
     <span class='ocr_line' id='line_1_7' title="bbox 754 1382 2058 1497; baseline -0.003 -21"><span class='ocrx_word' id='word_1_47' title='bbox 754 1390 949 1476; x_wconf 82' lang='lat' dir='ltr'>continua</span> <span class='ocrx_word' id='word_1_48' title='bbox 978 1388 1020 1493; x_wconf 79' lang='lat' dir='ltr'>in</span> <span class='ocrx_word' id='word_1_49' title='bbox 1050 1384 1215 1473; x_wconf 84' lang='lat' dir='ltr'>infinitas</span> <span class='ocrx_word' id='word_1_50' title='bbox 1245 1384 1494 1497; x_wconf 71' lang='lat' dir='ltr'>percussiones</span> <span class='ocrx_word' id='word_1_51' title='bbox 1525 1382 1762 1495; x_wconf 82' lang='lat' dir='ltr'>subitaneae,</span> <span class='ocrx_word' id='word_1_52' title='bbox 1795 1409 1890 1497; x_wconf 85' lang='lat' dir='ltr'>quae</span> <span class='ocrx_word' id='word_1_53' title='bbox 1908 1384 2058 1475; x_wconf 85' lang='lat' dir='ltr'>infinite·</span> 
     </span>
     <span class='ocr_line' id='line_1_8' title="bbox 678 1508 2053 1634; baseline -0.006 -26.506"><span class='ocrx_word' id='word_1_54' title='bbox 678 1519 887 1634; x_wconf 87' lang='lat' dir='ltr'>paruis</span> <span class='ocrx_word' id='word_1_55' title='bbox 917 1518 1107 1630; x_wconf 87' lang='lat' dir='ltr'>temporis</span> <span class='ocrx_word' id='word_1_56' title='bbox 1138 1512 1337 1601; x_wconf 84' lang='lat' dir='ltr'>interuallis</span> <span class='ocrx_word' id='word_1_57' title='bbox 1367 1510 1443 1599; x_wconf 92' lang='lat' dir='ltr'>se</span> <span class='ocrx_word' id='word_1_58' title='bbox 1432 1514 1599 1601; x_wconf 83' lang='lat' dir='ltr'>muricem</span> <span class='ocrx_word' id='word_1_59' title='bbox 1625 1508 1890 1625; x_wconf 73' lang='lat' dir='ltr'>insequantur,</span> <span class='ocrx_word' id='word_1_60' title='bbox 1921 1514 2053 1599; x_wconf 78' lang='lat' dir='ltr'>resului</span> 
     </span>
     <span class='ocr_line' id='line_1_9' title="bbox 759 1641 2050 1799; baseline -0.002 -68"><span class='ocrx_word' id='word_1_61' title='bbox 759 1646 929 1759; x_wconf 85' lang='lat' dir='ltr'>poffit;</span> <span class='ocrx_word' id='word_1_62' title='bbox 938 1646 985 1732; x_wconf 88' lang='lat' dir='ltr'>ad</span> <span class='ocrx_word' id='word_1_63' title='bbox 1017 1646 1121 1769; x_wconf 83' lang='lat' dir='ltr'>quod</span> <span class='ocrx_word' id='word_1_64' title='bbox 1154 1646 1350 1789; x_wconf 83' lang='lat' dir='ltr'>negotium</span> <span class='ocrx_word' id='word_1_65' title='bbox 1370 1641 1564 1799; x_wconf 82' lang='lat' dir='ltr'>sequentis</span> <span class='ocrx_word' id='word_1_66' title='bbox 1594 1642 1841 1756; x_wconf 84' lang='lat' dir='ltr'>problematis</span> <span class='ocrx_word' id='word_1_67' title='bbox 1868 1642 2050 1731; x_wconf 84' lang='lat' dir='ltr'>solutione</span> 
     </span>
    </p>
   </div>
   <div class='ocr_carea' id='block_1_3' title="bbox 766 1778 1680 2009">
    <p class='ocr_par' dir='ltr' id='par_1_3' title="bbox 766 1778 1665 2009">
     <span class='ocr_line' id='line_1_10' title="bbox 766 1778 1163 1888; baseline -0.005 -29"><span class='ocrx_word' id='word_1_68' title='bbox 766 1778 841 1861; x_wconf 87' lang='lat' dir='ltr'>ent</span> <span class='ocrx_word' id='word_1_69' title='bbox 870 1798 982 1888; x_wconf 85' lang='lat' dir='ltr'>opus</span> <span class='ocrx_word' id='word_1_70' title='bbox 1161 1849 1163 1857; x_wconf 91' lang='lat'><em>.</em></span> 
     </span>
     <span class='ocr_line' id='line_1_11' title="bbox 954 1882 1680 2009; baseline -0.006 -18"><span class='ocrx_word' id='word_1_71' title='bbox 954 1996 960 2009; x_wconf 69' lang='grc'>,</span> <span class='ocrx_word' id='word_1_72' title='bbox 1134 1882 1564 1997; x_wconf 81' lang='lat' dir='ltr'>PROBLEMA</span> <span class='ocrx_word' id='word_1_73' title='bbox 1604 1898 1680 1987; x_wconf 85' lang='lat' dir='ltr'>lv.</span> 
     </span>
    </p>
   </div>
   <div class='ocr_carea' id='block_1_4' title="bbox 747 2072 2052 2627">
    <p class='ocr_par' dir='ltr' id='par_1_4' title="bbox 747 2072 2052 2489">
     <span class='ocr_line' id='line_1_12' title="bbox 821 2072 2052 2233; baseline 0.002 -35"><span class='ocrx_word' id='word_1_74' title='bbox 821 2097 824 2102; x_wconf 63' lang='grc'><em>’</em></span> <span class='ocrx_word' id='word_1_75' title='bbox 915 2121 990 2199; x_wconf 81' lang='lat' dir='ltr'>as.</span> <span class='ocrx_word' id='word_1_76' title='bbox 1024 2116 1070 2204; x_wconf 83' lang='lat' dir='ltr'>Si</span> <span class='ocrx_word' id='word_1_77' title='bbox 1098 2072 1221 2225; x_wconf 69' lang='lat' dir='ltr'>istus,</span> <span class='ocrx_word' id='word_1_78' title='bbox 1255 2140 1359 2231; x_wconf 82' lang='lat' dir='ltr'>quem</span> <span class='ocrx_word' id='word_1_79' title='bbox 1388 2130 1548 2227; x_wconf 84' lang='lat' dir='ltr'>corpur,</span> <span class='ocrx_word' id='word_1_80' title='bbox 1581 2110 1680 2233; x_wconf 78' lang='lat' dir='ltr'>qaod</span> <span class='ocrx_word' id='word_1_81' title='bbox 1707 2105 1873 2199; x_wconf 75' lang='lat' dir='ltr'>adbuc·</span> <span class='ocrx_word' id='word_1_82' title='bbox 1857 2135 1897 2198; x_wconf 85' lang='lat' dir='ltr'>m</span> <span class='ocrx_word' id='word_1_83' title='bbox 1924 2110 2052 2201; x_wconf 80' lang='lat' dir='ltr'>orbita</span> 
     </span>
     <span class='ocr_line' id='line_1_13' title="bbox 760 2228 2050 2359; baseline 0.003 -32"><span class='ocrx_word' id='word_1_84' title='bbox 760 2228 935 2329; x_wconf 86' lang='lat' dir='ltr'>APM</span> <span class='ocrx_word' id='word_1_85' title='bbox 975 2260 1071 2333; x_wconf 80' lang='lat' dir='ltr'>motu</span> <span class='ocrx_word' id='word_1_86' title='bbox 1106 2240 1274 2355; x_wconf 79' lang='lat' dir='ltr'>regulari</span> <span class='ocrx_word' id='word_1_87' title='bbox 1306 2244 1539 2359; x_wconf 79' lang='lat' dir='ltr'>serebatur,</span> <span class='ocrx_word' id='word_1_88' title='bbox 1567 2230 1738 2353; x_wconf 76' lang='lat' dir='ltr'>fiebito&#39;</span> <span class='ocrx_word' id='word_1_89' title='bbox 1722 2266 1761 2329; x_wconf 83' lang='lat' dir='ltr'>m</span> <span class='ocrx_word' id='word_1_90' title='bbox 1805 2240 1959 2335; x_wconf 84' lang='lat' dir='ltr'>Mt</span> <span class='ocrx_word' id='word_1_91' title='bbox 1884 2258 1943 2357; x_wconf 81' lang='lat' dir='ltr'>pa</span> <span class='ocrx_word' id='word_1_92' title='bbox 1942 2248 2050 2353; x_wconf 78' lang='lat' dir='ltr'>titur,</span> 
     </span>
     <span class='ocr_line' id='line_1_14' title="bbox 747 2368 2052 2506; baseline 0.004 -52"><span class='ocrx_word' id='word_1_93' title='bbox 747 2368 814 2506; x_wconf 70' lang='lat' dir='ltr'>ju</span> <span class='ocrx_word' id='word_1_94' title='bbox 801 2373 871 2456; x_wconf 86' lang='lat' dir='ltr'>rit</span> <span class='ocrx_word' id='word_1_95' title='bbox 892 2372 1038 2477; x_wconf 75' lang='lat' dir='ltr'>irfirite</span> <span class='ocrx_word' id='word_1_96' title='bbox 1065 2390 1316 2489; x_wconf 47' lang='lat' dir='ltr'>parsurm</span> <span class='ocrx_word' id='word_1_97' title='bbox 1270 2374 1422 2481; x_wconf 59' lang='lat' dir='ltr'>desinire</span> <span class='ocrx_word' id='word_1_98' title='bbox 1453 2384 1534 2459; x_wconf 85' lang='lat' dir='ltr'>tam</span> <span class='ocrx_word' id='word_1_99' title='bbox 1563 2370 1662 2457; x_wconf 83' lang='lat' dir='ltr'>arbit</span> <span class='ocrx_word' id='word_1_100' title='bbox 1646 2384 1712 2457; x_wconf 86' lang='lat' dir='ltr'>tae</span> <span class='ocrx_word' id='word_1_101' title='bbox 1731 2394 1871 2485; x_wconf 80' lang='lat' dir='ltr'>,quarn</span> <span class='ocrx_word' id='word_1_102' title='bbox 1901 2384 2052 2483; x_wconf 72' lang='lat' dir='ltr'>mutus,</span> 
     </span>
    </p>

    <p class='ocr_par' dir='ltr' id='par_1_5' title="bbox 755 2498 1726 2627">
     <span class='ocr_line' id='line_1_15' title="bbox 755 2498 1726 2627; baseline -0.002 -43"><span class='ocrx_word' id='word_1_103' title='bbox 755 2498 826 2615; x_wconf 89' lang='grc' dir='ltr'>φο</span> <span class='ocrx_word' id='word_1_104' title='bbox 851 2515 981 2618; x_wconf 82' lang='lat' dir='ltr'>corpus</span> <span class='ocrx_word' id='word_1_105' title='bbox 1004 2504 1084 2618; x_wconf 78' lang='lat' dir='ltr'>post</span> <span class='ocrx_word' id='word_1_106' title='bbox 1113 2502 1225 2590; x_wconf 80' lang='lat' dir='ltr'>enum</span> <span class='ocrx_word' id='word_1_107' title='bbox 1244 2504 1437 2627; x_wconf 74' lang='lat' dir='ltr'>seretur,</span> <span class='ocrx_word' id='word_1_108' title='bbox 1476 2502 1726 2587; x_wconf 79' lang='lat' dir='ltr'>mutationem.</span> 
     </span>
    </p>
   </div>
   <div class='ocr_carea' id='block_1_5' title="bbox 1230 2694 1593 2847">
    <p class='ocr_par' dir='ltr' id='par_1_6' title="bbox 1230 2694 1593 2847">
     <span class='ocr_line' id='line_1_16' title="bbox 1230 2694 1593 2847; baseline -0.011 0"><span class='ocrx_word' id='word_1_109' title='bbox 1230 2694 1593 2847; x_wconf 56' lang='lat' dir='ltr'>sotvr&#39;ro.</span> 
     </span>
    </p>
   </div>
   <div class='ocr_carea' id='block_1_6' title="bbox 758 2966 2053 3468">
    <p class='ocr_par' dir='ltr' id='par_1_7' title="bbox 758 2966 2053 3468">
     <span class='ocr_line' id='line_1_17' title="bbox 873 2966 2052 3091; baseline -0.001 -34"><span class='ocrx_word' id='word_1_110' title='bbox 873 2972 978 3091; x_wconf 75' lang='lat' dir='ltr'>Quia</span> <span class='ocrx_word' id='word_1_111' title='bbox 1017 2970 1113 3055; x_wconf 72' lang='lat' dir='ltr'>ibina</span> <span class='ocrx_word' id='word_1_112' title='bbox 1145 2968 1298 3081; x_wconf 88' lang='lat' dir='ltr'>ponitur</span> <span class='ocrx_word' id='word_1_113' title='bbox 1328 2966 1477 3055; x_wconf 87' lang='lat' dir='ltr'>infinite</span> <span class='ocrx_word' id='word_1_114' title='bbox 1517 2994 1683 3083; x_wconf 87' lang='lat' dir='ltr'>paruus,</span> <span class='ocrx_word' id='word_1_115' title='bbox 1723 2972 1888 3058; x_wconf 86' lang='lat' dir='ltr'>mutatio</span> <span class='ocrx_word' id='word_1_116' title='bbox 1912 2993 2052 3083; x_wconf 86' lang='lat' dir='ltr'>‚quae</span> 
     </span>
     <span class='ocr_line' id='line_1_18' title="bbox 759 3095 2052 3217; baseline 0.004 -35"><span class='ocrx_word' id='word_1_117' title='bbox 759 3095 874 3187; x_wconf 87' lang='lat' dir='ltr'>inde</span> <span class='ocrx_word' id='word_1_118' title='bbox 863 3126 903 3184; x_wconf 91' lang='lat' dir='ltr'>rn</span> <span class='ocrx_word' id='word_1_119' title='bbox 919 3117 1032 3191; x_wconf 90' lang='lat' dir='ltr'>motu</span> <span class='ocrx_word' id='word_1_120' title='bbox 1048 3101 1223 3209; x_wconf 89' lang='lat' dir='ltr'>corporis</span> <span class='ocrx_word' id='word_1_121' title='bbox 1253 3097 1455 3183; x_wconf 88' lang='lat' dir='ltr'>secundum</span> <span class='ocrx_word' id='word_1_122' title='bbox 1485 3098 1715 3185; x_wconf 74' lang='lat' dir='ltr'>direaiones</span> <span class='ocrx_word' id='word_1_123' title='bbox 1746 3096 1852 3217; x_wconf 79' lang='grc' dir='ltr'>Μμ</span> <span class='ocrx_word' id='word_1_124' title='bbox 1885 3121 1925 3185; x_wconf 90' lang='lat' dir='ltr'>et</span> <span class='ocrx_word' id='word_1_125' title='bbox 1959 3098 2052 3187; x_wconf 86' lang='lat' dir='ltr'>Mn</span> 
     </span>
     <span class='ocr_line' id='line_1_19' title="bbox 758 3224 2050 3351; baseline 0.004 -41"><span class='ocrx_word' id='word_1_126' title='bbox 758 3226 957 3336; x_wconf 83' lang='lat' dir='ltr'>resoluto,</span> <span class='ocrx_word' id='word_1_127' title='bbox 987 3225 1150 3351; x_wconf 83' lang='lat' dir='ltr'>orietur,</span> <span class='ocrx_word' id='word_1_128' title='bbox 1182 3227 1255 3311; x_wconf 90' lang='lat' dir='ltr'>erit</span> <span class='ocrx_word' id='word_1_129' title='bbox 1283 3226 1432 3313; x_wconf 89' lang='lat' dir='ltr'>infinite</span> <span class='ocrx_word' id='word_1_130' title='bbox 1449 3250 1578 3337; x_wconf 87' lang='lat' dir='ltr'>parua.</span> <span class='ocrx_word' id='word_1_131' title='bbox 1642 3224 1706 3314; x_wconf 90' lang='lat' dir='ltr'>Sic</span> <span class='ocrx_word' id='word_1_132' title='bbox 1722 3253 1810 3314; x_wconf 89' lang='lat' dir='ltr'>cum</span> <span class='ocrx_word' id='word_1_133' title='bbox 1827 3249 1911 3313; x_wconf 88' lang='lat' dir='ltr'>aute</span> <span class='ocrx_word' id='word_1_134' title='bbox 1929 3230 2050 3315; x_wconf 69' lang='lat' dir='ltr'>isium</span> 
     </span>
     <span class='ocr_line' id='line_1_20' title="bbox 758 3348 2053 3468; baseline 0.002 -30"><span class='ocrx_word' id='word_1_135' title='bbox 758 3354 932 3439; x_wconf 81' lang='lat' dir='ltr'>celeritas</span> <span class='ocrx_word' id='word_1_136' title='bbox 946 3356 1122 3465; x_wconf 87' lang='lat' dir='ltr'>eorporis</span> <span class='ocrx_word' id='word_1_137' title='bbox 1138 3352 1339 3441; x_wconf 83' lang='lat' dir='ltr'>sectrndum</span> <span class='ocrx_word' id='word_1_138' title='bbox 1373 3356 1420 3441; x_wconf 88' lang='lat' dir='ltr'><strong>M</strong></span> <span class='ocrx_word' id='word_1_139' title='bbox 1432 3380 1469 3468; x_wconf 77' lang='grc' dir='ltr'>μ</span> <span class='ocrx_word' id='word_1_140' title='bbox 1498 3354 1683 3439; x_wconf 83' lang='lat' dir='ltr'>fuerit:</span> <span class='ocrx_word' id='word_1_141' title='bbox 1700 3358 1780 3443; x_wconf 86' lang='lat' dir='ltr'>md</span> <span class='ocrx_word' id='word_1_142' title='bbox 1791 3348 1820 3468; x_wconf 74' lang='grc' dir='ltr'><em>ζ</em></span> <span class='ocrx_word' id='word_1_143' title='bbox 1849 3376 1891 3441; x_wconf 88' lang='lat' dir='ltr'>et</span> <span class='ocrx_word' id='word_1_144' title='bbox 1920 3357 2053 3443; x_wconf 87' lang='lat' dir='ltr'>secun-</span> 
     </span>
    </p>
   </div>
   <div class='ocr_carea' id='block_1_7' title="bbox 755 3471 2208 3849">
    <p class='ocr_par' dir='ltr' id='par_1_8' title="bbox 755 3471 2208 3849">
     <span class='ocr_line' id='line_1_21' title="bbox 756 3471 2050 3592; baseline -0.002 -22"><span class='ocrx_word' id='word_1_145' title='bbox 756 3483 852 3569; x_wconf 83' lang='lat' dir='ltr'>dnm</span> <span class='ocrx_word' id='word_1_146' title='bbox 869 3482 1029 3568; x_wconf 81' lang='lat' dir='ltr'>Mn:</span> <span class='ocrx_word' id='word_1_147' title='bbox 1045 3480 1118 3565; x_wconf 84' lang='lat' dir='ltr'>nd</span> <span class='ocrx_word' id='word_1_148' title='bbox 1131 3471 1180 3592; x_wconf 80' lang='grc' dir='ltr'>ζ,</span> <span class='ocrx_word' id='word_1_149' title='bbox 1213 3503 1379 3590; x_wconf 81' lang='lat' dir='ltr'>ponatur</span> <span class='ocrx_word' id='word_1_150' title='bbox 1410 3484 1487 3567; x_wconf 69' lang='lat' dir='ltr'>inlu</span> <span class='ocrx_word' id='word_1_151' title='bbox 1516 3482 1620 3567; x_wconf 68' lang='lat' dir='ltr'>fabio</span> <span class='ocrx_word' id='word_1_152' title='bbox 1652 3486 1822 3576; x_wconf 83' lang='lat' dir='ltr'>celeritas</span> <span class='ocrx_word' id='word_1_153' title='bbox 1848 3486 2050 3570; x_wconf 74' lang='lat' dir='ltr'>sanandum</span> 
     </span>
     <span class='ocr_line' id='line_1_22' title="bbox 757 3601 2208 3730; baseline -0.008 -34"><span class='ocrx_word' id='word_1_154' title='bbox 757 3607 809 3696; x_wconf 87' lang='lat' dir='ltr'>M</span> <span class='ocrx_word' id='word_1_155' title='bbox 827 3640 864 3727; x_wconf 83' lang='grc' dir='ltr'>μ</span> <span class='ocrx_word' id='word_1_156' title='bbox 883 3610 1182 3713; x_wconf 76' lang='lat' dir='ltr'>:(m-l-dm)</span> <span class='ocrx_word' id='word_1_157' title='bbox 1192 3601 1257 3719; x_wconf 60' lang='lat' dir='ltr'>ds</span> <span class='ocrx_word' id='word_1_158' title='bbox 1284 3630 1321 3693; x_wconf 88' lang='lat' dir='ltr'>et</span> <span class='ocrx_word' id='word_1_159' title='bbox 1351 3608 1552 3697; x_wconf 79' lang='lat' dir='ltr'>secundum</span> <span class='ocrx_word' id='word_1_160' title='bbox 1589 3604 2052 3730; x_wconf 51' lang='lat' dir='ltr'>anln-l-dnldg,</span> <span class='ocrx_word' id='word_1_161' title='bbox 2207 3676 2208 3685; x_wconf 26' lang='lat' dir='ltr'>r</span> 
     </span>
     <span class='ocr_line' id='line_1_23' title="bbox 755 3734 2054 3849; baseline 0.006 -28"><span class='ocrx_word' id='word_1_162' title='bbox 755 3738 828 3821; x_wconf 86' lang='lat' dir='ltr'>erit</span> <span class='ocrx_word' id='word_1_163' title='bbox 859 3738 1039 3844; x_wconf 86' lang='lat' dir='ltr'>solutione</span> <span class='ocrx_word' id='word_1_164' title='bbox 1072 3736 1332 3848; x_wconf 78' lang='lat' dir='ltr'>praecedentis</span> <span class='ocrx_word' id='word_1_165' title='bbox 1366 3738 1615 3849; x_wconf 83' lang='lat' dir='ltr'>problematis</span> <span class='ocrx_word' id='word_1_166' title='bbox 1648 3742 1722 3829; x_wconf 88' lang='lat' dir='ltr'>lruc</span> <span class='ocrx_word' id='word_1_167' title='bbox 1754 3742 1963 3846; x_wconf 86' lang='lat' dir='ltr'>translata,</span> <span class='ocrx_word' id='word_1_168' title='bbox 1994 3734 2054 3829; x_wconf 80' lang='lat' dir='ltr'>m‘</span> 
     </span>
    </p>
   </div>
   <div class='ocr_carea' id='block_1_8' title="bbox 635 3858 2060 4623">
    <p class='ocr_par' dir='ltr' id='par_1_9' title="bbox 635 3858 2060 4623">
     <span class='ocr_line' id='line_1_24' title="bbox 756 3858 2059 3975; baseline 0.003 -24"><span class='ocrx_word' id='word_1_169' title='bbox 756 3866 1014 3975; x_wconf 55' lang='lat' dir='ltr'>:ma-dm</span> <span class='ocrx_word' id='word_1_170' title='bbox 1046 3882 1087 3949; x_wconf 88' lang='lat' dir='ltr'>et</span> <span class='ocrx_word' id='word_1_171' title='bbox 1117 3858 1405 3964; x_wconf 61' lang='lat' dir='ltr'>aszn-r-dn.</span> <span class='ocrx_word' id='word_1_172' title='bbox 1469 3868 1576 3953; x_wconf 90' lang='lat' dir='ltr'>Tum</span> <span class='ocrx_word' id='word_1_173' title='bbox 1609 3870 1654 3955; x_wconf 90' lang='lat' dir='ltr'>srt</span> <span class='ocrx_word' id='word_1_174' title='bbox 1686 3888 1774 3955; x_wconf 87' lang='lat' dir='ltr'>ante</span> <span class='ocrx_word' id='word_1_175' title='bbox 1806 3870 1926 3955; x_wconf 67' lang='lat' dir='ltr'>istum</span> <span class='ocrx_word' id='word_1_176' title='bbox 1944 3868 2059 3955; x_wconf 73' lang='lat' dir='ltr'>brus</span> 
     </span>
     <span class='ocr_line' id='line_1_25' title="bbox 745 3990 2057 4107; baseline 0.005 -30"><span class='ocrx_word' id='word_1_177' title='bbox 745 3994 890 4079; x_wconf 84' lang='lat' dir='ltr'>absidis</span> <span class='ocrx_word' id='word_1_178' title='bbox 919 3994 1024 4079; x_wconf 86' lang='lat' dir='ltr'>imae</span> <span class='ocrx_word' id='word_1_179' title='bbox 1054 3990 1116 4079; x_wconf 93' lang='lat' dir='ltr'>seu</span> <span class='ocrx_word' id='word_1_180' title='bbox 1153 3995 1309 4104; x_wconf 83' lang='lat' dir='ltr'>angulus</span> <span class='ocrx_word' id='word_1_181' title='bbox 1349 3990 1443 4080; x_wconf 91' lang='lat' dir='ltr'>AC</span> <span class='ocrx_word' id='word_1_182' title='bbox 1468 3996 1632 4107; x_wconf 77' lang='lat' dir='ltr'>P:u;</span> <span class='ocrx_word' id='word_1_183' title='bbox 1670 4000 1815 4083; x_wconf 89' lang='lat' dir='ltr'>orbitae</span> <span class='ocrx_word' id='word_1_184' title='bbox 1842 3997 1953 4081; x_wconf 90' lang='lat' dir='ltr'>semi·</span> <span class='ocrx_word' id='word_1_185' title='bbox 1955 4002 2057 4083; x_wconf 86' lang='lat' dir='ltr'>latus</span> 
     </span>
     <span class='ocr_line' id='line_1_26' title="bbox 635 4122 2058 4238; baseline 0.003 -32"><span class='ocrx_word' id='word_1_186' title='bbox 635 4146 640 4153; x_wconf 92' lang='grc'><strong><em>·</em></strong></span> <span class='ocrx_word' id='word_1_187' title='bbox 754 4122 1031 4226; x_wconf 75' lang='lat' dir='ltr'>rectnmzb,</span> <span class='ocrx_word' id='word_1_188' title='bbox 1064 4124 1332 4209; x_wconf 84' lang='lat' dir='ltr'>excentriritas</span> <span class='ocrx_word' id='word_1_189' title='bbox 1348 4122 1464 4225; x_wconf 74' lang='lat' dir='ltr'>zia,</span> <span class='ocrx_word' id='word_1_190' title='bbox 1496 4126 1686 4219; x_wconf 85' lang='lat' dir='ltr'>anomalia</span> <span class='ocrx_word' id='word_1_191' title='bbox 1716 4152 1808 4211; x_wconf 85' lang='lat' dir='ltr'>vera</span> <span class='ocrx_word' id='word_1_192' title='bbox 1840 4128 1898 4211; x_wconf 85' lang='lat' dir='ltr'>sen</span> <span class='ocrx_word' id='word_1_193' title='bbox 1929 4150 2058 4238; x_wconf 84' lang='lat' dir='ltr'>angu-</span> 
     </span>
     <span class='ocr_line' id='line_1_27' title="bbox 753 4238 2056 4365; baseline 0.003 -28"><span class='ocrx_word' id='word_1_194' title='bbox 753 4252 812 4337; x_wconf 89' lang='lat' dir='ltr'>lus</span> <span class='ocrx_word' id='word_1_195' title='bbox 844 4238 1129 4358; x_wconf 77' lang='lat' dir='ltr'>PCMzs,</span> <span class='ocrx_word' id='word_1_196' title='bbox 1161 4268 1204 4336; x_wconf 86' lang='lat' dir='ltr'>et</span> <span class='ocrx_word' id='word_1_197' title='bbox 1239 4271 1394 4363; x_wconf 86' lang='lat' dir='ltr'>tempus</span> <span class='ocrx_word' id='word_1_198' title='bbox 1424 4252 1473 4338; x_wconf 87' lang='lat' dir='ltr'>ab</span> <span class='ocrx_word' id='word_1_199' title='bbox 1512 4250 1684 4339; x_wconf 88' lang='lat' dir='ltr'>absrde</span> <span class='ocrx_word' id='word_1_200' title='bbox 1672 4280 1752 4339; x_wconf 88' lang='lat' dir='ltr'>rma</span> <span class='ocrx_word' id='word_1_201' title='bbox 1783 4267 1875 4351; x_wconf 79' lang='lat' dir='ltr'>:s</span> <span class='ocrx_word' id='word_1_202' title='bbox 1893 4258 2056 4365; x_wconf 89' lang='lat' dir='ltr'>,quod</span> 
     </span>
     <span class='ocr_line' id='line_1_28' title="bbox 717 4378 2059 4494; baseline 0.008 -31.252"><span class='ocrx_word' id='word_1_203' title='bbox 717 4383 793 4463; x_wconf 85' lang='lat' dir='ltr'>in</span> <span class='ocrx_word' id='word_1_204' title='bbox 809 4403 906 4473; x_wconf 89' lang='lat' dir='ltr'>arcu</span> <span class='ocrx_word' id='word_1_205' title='bbox 927 4379 1036 4465; x_wconf 85' lang='lat' dir='ltr'>solari</span> <span class='ocrx_word' id='word_1_206' title='bbox 1064 4382 1207 4467; x_wconf 84' lang='lat' dir='ltr'>eodem</span> <span class='ocrx_word' id='word_1_207' title='bbox 1237 4396 1414 4491; x_wconf 85' lang='lat' dir='ltr'>tempore</span> <span class='ocrx_word' id='word_1_208' title='bbox 1431 4378 1620 4467; x_wconf 67' lang='lat' dir='ltr'>mnsesto</span> <span class='ocrx_word' id='word_1_209' title='bbox 1617 4384 1919 4494; x_wconf 66' lang='lat' dir='ltr'>exprimens·</span> <span class='ocrx_word' id='word_1_210' title='bbox 1916 4380 2059 4474; x_wconf 88' lang='lat' dir='ltr'>Loco</span> 
     </span>
     <span class='ocr_line' id='line_1_29' title="bbox 752 4497 2060 4623; baseline 0.005 -32"><span class='ocrx_word' id='word_1_211' title='bbox 752 4497 782 4616; x_wconf 68' lang='grc' dir='ltr'><strong><em>ζ</em></strong></span> <span class='ocrx_word' id='word_1_212' title='bbox 811 4524 938 4591; x_wconf 87' lang='lat' dir='ltr'>autem</span> <span class='ocrx_word' id='word_1_213' title='bbox 967 4507 1031 4593; x_wconf 88' lang='lat' dir='ltr'>lric</span> <span class='ocrx_word' id='word_1_214' title='bbox 1061 4507 1168 4593; x_wconf 88' lang='lat' dir='ltr'>malo</span> <span class='ocrx_word' id='word_1_215' title='bbox 1198 4510 1256 4593; x_wconf 84' lang='lat' dir='ltr'>uti</span> <span class='ocrx_word' id='word_1_216' title='bbox 1290 4508 1488 4617; x_wconf 76' lang='lat' dir='ltr'>litteras,</span> <span class='ocrx_word' id='word_1_217' title='bbox 1520 4512 1607 4622; x_wconf 88' lang='lat' dir='ltr'>quia</span> <span class='ocrx_word' id='word_1_218' title='bbox 1633 4512 1761 4623; x_wconf 86' lang='lat' dir='ltr'>postea</span> <span class='ocrx_word' id='word_1_219' title='bbox 1784 4503 1873 4623; x_wconf 78' lang='grc' dir='ltr'>ζοά</span> <span class='ocrx_word' id='word_1_220' title='bbox 1893 4532 2060 4623; x_wconf 82' lang='lat' dir='ltr'>tempus</span> 
     </span>
    </p>
   </div>
   <div class='ocr_carea' id='block_1_9' title="bbox 750 4626 2060 4859">
    <p class='ocr_par' dir='ltr' id='par_1_10' title="bbox 750 4612 2208 4859">
     <span class='ocr_line' id='line_1_30' title="bbox 750 4626 2060 4859; baseline 0.014 -145"><span class='ocrx_word' id='word_1_221' title='bbox 750 4626 999 4754; x_wconf 78' lang='lat' dir='ltr'>quodeunque</span> <span class='ocrx_word' id='word_1_222' title='bbox 1029 4636 1291 4735; x_wconf 79' lang='lat' dir='ltr'>denotandum</span> <span class='ocrx_word' id='word_1_223' title='bbox 1324 4636 1605 4808; x_wconf 83' lang='lat' dir='ltr'>adhibebitur</span> <span class='ocrx_word' id='word_1_224' title='bbox 1638 4640 1760 4727; x_wconf 90' lang='lat' dir='ltr'>Porro</span> <span class='ocrx_word' id='word_1_225' title='bbox 1791 4642 1835 4733; x_wconf 82' lang='lat' dir='ltr'>fit</span> <span class='ocrx_word' id='word_1_226' title='bbox 1874 4640 2060 4859; x_wconf 50' lang='lat' dir='ltr'>dillacnffi</span> 
     </span>
    </p>
   </div>
   <div class='ocr_carea' id='block_1_10' title="bbox 0 0 2246 5927">
    <p class='ocr_par' dir='ltr' id='par_1_11' title="bbox 0 0 2246 5927">
     <span class='ocr_line' id='line_1_31' title="bbox 0 0 2246 5927; baseline 0 0"><span class='ocrx_word' id='word_1_227' title='bbox 0 0 2246 5927; x_wconf 95' lang='lat' dir='ltr'> </span> 
     </span>
    </p>
   </div>
  </div>
 </body>
</html>
