4484 5934
203 425 309 516 ro
338 397 797 520 nnnrrrrn'r
838 419 1325 522 rennuerunt
1358 448 1448 538 η,

287 661 323 760 §-
356 689 400 766 9.
432 661 697 751 Decremente
732 663 934 750 secundum
972 667 1007 768 §.
1028 693 1072 770 4.
1105 683 1328 781 computata
1356 687 1454 778 ergo

170 786 279 892 sunt,
321 795 380 874 vti
410 791 560 904 sequeus
590 793 713 876 tabula
741 792 933 907 exhibet:

172 914 257 1020 post
277 905 859 1032 siminprdolutioaasgran.
899 921 1081 1026 postte}
1143 957 1164 980 ·
1234 930 1449 1028 148.5gr.
1506 990 1511 996 .

185 1081 224 1142 '-
279 1055 303 1130 3
369 1092 388 1110 ..
448 1087 470 1110 ..
530 1093 547 1112 .
640 1059 832 1148 7μὸ-
926 1091 949 1110 .
1000 1041 1436 1143 22'.167‚7..

204 1190 302 1267 -13
365 1227 386 1274 „-
450 1218 543 1241 ·-
613 1200 834 1256 110·-
929 1181 1309 1268 ·26-183
1392 1209 1437 1232 -·

170 1287 321 1382 Solutio
349 1324 445 1412 ergo
480 1307 535 1382 26
543 1285 545 1288 ’
569 1331 625 1386 m.
662 1327 719 1411 pr.
753 1317 973 1408 computata
1004 1303 1151 1386 recedit
1184 1298 1232 1380 ab
1263 1295 1454 1382 obseruate

170 1418 222 1530 (ὃ.
240 1424 298 1536 8.)
333 1439 385 1526 8}
413 1433 539 1538 granis
570 1431 622 1514 ob
651 1430 875 1536 grauitatem
913 1427 1129 1535 specificam
1161 1422 1241 1506 salis
1271 1425 1370 1506 inter
1394 1424 1454 1507 so·

169 1549 361 1638 lurionem
393 1562 578 1641 minutum
619 1619 632 1660 ‚
664 1555 768 1662 ··quia
800 1553 906 1635 enim
939 1552 1115 1659 b<a‚,
1137 1549 1241 1652 fiet,
1271 1549 1393 1658 ponta
1425 1547 1458 1633 d

1299 1662 1451 1780 mmi-

1195 1664 1288 1730 (b-

169 1695 308 1774 maiori
330 1757 341 1796 ,
374 1694 462 1776 hinc
496 1696 675 1802 grauitate
713 1689 884 1802 specifica
906 1689 982 1774 iulis
1001 1693 1179 1800 minori,
1199 1732 1297 1805 -ῑ,

166 1839 275 1924 uor,
305 1845 420 1929 quum
454 1839 572 1904 auten.

286 2077 322 2171 §.
348 2099 416 2156 ιο.
438 2076 494 2157 Vt
517 2101 740 2183 computare
767 2072 948 2182 pofflmus
976 2075 1258 2163 obseruationes
1284 2079 1453 2192 Experi-

165 2203 292 2283 menti
312 2199 366 2286 II.
386 2229 472 2284 cum
492 2203 809 2286 obseruationibus
830 2202 975 2310 Exper.
999 2201 1031 2306 1,
1049 2203 1234 2296 debemus
1252 2205 1372 2288 solum
1393 2207 1449 2288 so·

167 2326 359 2411 iutionem
394 2329 592 2410 intenrallo
624 2327 696 2410 isto
728 2328 913 2436 temporis
951 2330 1206 2440 contemplari
1239 2393 1253 2437 ‚
1293 2357 1371 2442 quo
1401 2331 1452 2416 ini

166 2451 371 2562 Experim.
405 2453 462 2538 11.
495 2455 626 2540 habuit
660 2456 764 2538 idem
797 2455 944 2564 pondus
972 2481 1061 2538 cum
1093 2455 1162 2540 sale
1185 2459 1394 2568 Experim.
1413 2455 1448 2543 1.

166 2599 207 2660 et
234 2581 337 2668 cuius
371 2583 485 2666 initio
513 2603 551 2666 et
591 2581 665 2666 fine
703 2581 827 2666 tubuli
868 2581 1039 2692 aequales
1079 2583 1291 2669 hubuiffent
1330 2584 1452 2696 super·

168 2703 298 2814 ficies,
332 2709 359 2792 sr
389 2713 548 2820 grauitas
580 2707 753 2819 specifica
788 2733 866 2790 non
900 2729 1042 2794 mutata
1067 2709 1187 2794 firisset
1211 2713 1315 2796 iuter
1352 2712 1452 2796 solu·

168 2835 331 2920 tionem.
397 2833 501 2920 Cum
537 2836 747 2918 minoribus
775 2838 1013 2944 temporibus
1032 2831 1247 2946 superficies
1262 2860 1342 2921 uon
1361 2863 1450 2922 mu·

167 2977 264 3044 tetur
294 2962 401 3046 ualde
439 2963 650 3068 solutione,
682 2979 845 3072 ponatur
878 2962 1087 3072 Experim.
1132 2961 1190 3046 ΙΙ.
1240 2962 1452 3074 superficies

153 3088 290 3172 <tubuli
320 3090 434 3175 initio
463 3115 532 3199 per
566 3103 618 3186 33
637 3093 732 3172 min.
749 3114 806 3198 pr.
841 3087 1012 3172 constans
1028 3108 1067 3170 et
1083 3085 1288 3176 solutiones
1305 3109 1447 3200 erunt,

167 3218 223 3297 vti
256 3233 449 3326 tempora.
515 3217 604 3300 Erit
637 3214 726 3314 hinc
761 3235 861 3314 335
910 3216 956 3299 ud
999 3237 1100 3314 325
1125 3222 1447 3329 :admiupn

166 3343 255 3438 adn
281 3357 317 3443 ’,ξ
335 3368 390 3426 m.
412 3371 468 3452 pr.
505 3345 592 3428 Post
619 3364 645 3440 3
677 3343 774 3426 min.
793 3367 854 3451 pr.
883 3361 924 3425 et
959 3345 1164 3440 namins.
1192 3343 1349 3429 eubulus
1379 3361 1448 3458 ae-

166 3473 266 3575 cepit
298 3471 443 3579 pondus
480 3476 562 3568 163
599 3495 703 3577 gran.
732 3470 835 3578 quod
867 3471 1022 3554 eubulus
1054 3467 1302 3576 Experiml
1335 3471 1447 3555 initio

164 3594 312 3680 habuit.
374 3599 441 3682 Ab
472 3597 548 3682 hoc
580 3617 756 3704 tempore
786 3597 1076 3682 decrementum
1114 3619 1199 3694 ¹08
1229 3623 1337 3708 gran.
1359 3591 1447 3709 post

171 3735 266 3820 131}
292 3727 388 3808 min.
424 3729 548 3834 prima
581 3725 621 3806 in
654 3729 841 3834 temperie
876 3737 947 3828 84.
981 3725 1085 3832 grad.
1118 3723 1260 3810 fadum
1292 3726 1359 3810 est.
1390 3722 1444 3808 In

167 3852 292 3958 primo
325 3854 608 3960 Experimento
627 3853 730 3970 idem
764 3850 1051 3965 decrementum
1088 3856 1162 3932 26.
1183 3852 1280 3936 min.
1301 3878 1359 3962 pr,
1379 3852 1443 3935 sub

164 3981 353 4086 temperie
385 4007 442 4082 42
479 3981 660 4088 graduum
692 3998 913 4085 generatum
947 3978 1013 4060 est.
1085 3975 1290 4086 Tempora
1329 3979 1443 4086 igitur

52 4161 54 4174 ·
166 4105 391 4188 solutionum
436 4107 645 4216 aequalium
685 4105 749 4188 sub
785 4103 1035 4214 temperiebus
1078 4127 1154 4205 42.
1188 4090 1322 4205 et'84
1354 4131 1443 4213 gra.
1608 4120 1652 4152 ω

52 4217 54 4330 f
165 4231 278 4314 duum
310 4227 487 4338 fuerunt,
519 4236 577 4314 uti
613 4259 636 4312 2
660 4259 732 4352 ιιτ
767 4232 971 4346 Tredecim
1005 4255 1148 4340 nempe
1177 4231 1269 4314 min.
1292 4255 1353 4339 pr,
1376 4257 1443 4316 cu·

166 4356 231 4442 bur
249 4359 412 4472 Exper.
443 4357 499 4448 11.
533 4362 654 4446 ferme
687 4355 944 4574 iffimmpmsus
975 4357 1029 4445 est
1045 4361 1328 4445 decrementum
1344 4384 1441 4571 {232
