4484 5934
1172 639 1180 673 ,
1310 528 1505 652 >teor

742 794 1009 906 Talandrum,
1045 796 1347 884 Calmuccorum
1383 814 1424 878 et
1463 791 1772 905 Mongolensrum
1807 789 1934 903 lingua
1971 791 2042 882 Al-

740 932 800 1012 tar'
836 932 971 1035 dicto,
1005 933 1229 1038 egreditur,
1268 927 1351 1010 sna.
1415 925 1509 1037 Quo
1547 949 1638 1006 cum
1680 917 1868 1005 Gmelinur
1906 925 2047 1008 aestate

746 1077 873 1160 1734
900 1058 1223 1170 proficisceretur,
1255 1053 1425 1155 accidit,
1455 1068 1499 1132 vt
1531 1052 1601 1133 tria
1636 1050 1745 1132 huius
1775 1051 1926 1155 generis
1957 1055 2045 1136 aui-

739 1188 858 1269 malia
890 1189 929 1268 in
961 1185 1121 1286 foueas,
1153 1211 1224 1295 pro
1243 1181 1445 1292 capiendis
1474 1180 1628 1282 cernis,
1661 1177 1909 1260 ibi-locorum
1942 1175 2047 1267 Ma·

740 1311 809 1395 rol
836 1315 981 1420 diclis,
1023 1312 1205 1415 effossas,
1248 1309 1373 1422 paucis
1414 1324 1501 1388 ante
1529 1308 1739 1390 aduentum
1770 1306 1851 1388 eius
1880 1307 2043 1416 dicbus,

740 1440 954 1524 inciderint.
1024 1441 1137 1527 Cenn'
1173 1437 1402 1551 saepiuscule
1431 1433 1656 1545 Petropolin
1689 1433 1881 1516 indeviul
1915 1436 2041 1548 milli,

742 1591 821 1650 non
853 1571 956 1678 quod
990 1572 1043 1652 ao
1070 1573 1155 1652 allis
1186 1571 1310 1652 cernis
1352 1565 1471 1674 specie
1512 1564 1724 1667 differunt,
1767 1561 1829 1642 sed
1869 1566 1962 1671 quia
1998 1568 2044 1652 in
2146 1569 2154 1582 ’
2236 1600 2238 1691 g

740 1695 889 1780 viando
922 1695 1217 1808 Imperatorio,
1249 1697 1352 1807 quod
1387 1688 1549 1775 mirifice
1582 1706 1801 1793 exornant,
1825 1697 2047 1779 commode

738 1822 904 1908 aluno-n.
967 1827 1074 1910 Nam
1109 1849 1257 1907 nomen
1290 1815 1438 1910 Metal
1455 1879 1471 1922 ,
1499 1821 1600 1929 quod
1634 1813 1918 1902 Calmuccicum
1953 1820 2045 1928 eli,

741 1949 836 2034 nilril
868 1951 998 2050 allud,
1036 1977 1150 2061 qnam
1170 1947 1344 2032 Cetuum
1360 1971 1633 2045 communem,
1664 1946 1837 2028 denotat.
1901 1945 2047 2058 Neque

741 2079 861 2161 etiarn
895 2081 1017 2179 cerui,
1052 2083 1099 2162 ad
1130 2077 1318 2159 leniseam
1351 2075 1510 2160 fluuium
1530 2074 1619 2177 Sin,
1653 2093 1692 2155 et
1722 2071 1770 2153 ad
1786 2074 1915 2156 lacum
1950 2071 2069 2169 Bai-.

739 2204 796 2286 cul
831 2195 935 2311 lsnbr
968 2203 1084 2313 dieti,
1116 2203 1209 2286 alius
1241 2199 1376 2311 speciei
1395 2200 1499 2308 ficnt,
1532 2200 1677 2284 etiamst
1712 2198 2045 2310 Strnhlenberginn

746 2320 808 2426 l*
827 2329 961 2435 lllnbt
1000 2358 1073 2442 pro
1117 2333 1250 2414 Dama
1283 2328 1453 2435 habeat,
1498 2329 1604 2442 quod
1640 2353 1754 2438 quam
1789 2327 1921 2412 sallum
1963 2332 2047 2438 fit,

737 2459 879 2542 exinde
914 2479 1055 2568 patet,
1088 2462 1174 2570 quia
1208 2480 1328 2540 nemo
1359 2457 1443 2564 eil,
1474 2459 1539 2568 qui
1571 2458 1696 2540 dicere
1729 2455 1872 2565 poliat,
1905 2459 1939 2539 se
1973 2483 2048 2570 pet·

736 2597 865 2670 totuin
901 2589 1119 2696 Imperium
1163 2585 1393 2690 Rullrcurn,
1436 2584 1588 2669 uiuariis
1634 2585 1837 2692 exceptis,
1879 2610 2044 2696 usquam

735 2706 884 2796 Damas
918 2715 1065 2798 vidilfe.
1132 2716 1199 2800 Ex
1231 2714 1457 2822 Rupicapris
1500 2717 1540 2795 in
1572 2738 1706 2794 arcem
1746 2710 2039 2823 {lu-Kanum.

725 2835 915 2952 goretdcm
954 2843 1073 2926 allatis
1115 2866 1224 2940 vna,
1275 2843 1507 2925 aduentante
1535 2839 1736 2945 Gmelino,
1766 2864 1856 2920 cum
1907 2865 2041 2924 morte

732 2967 960 3054 luctabatur.
1022 2967 1133 3052 Hanc
1164 2967 1266 3052 facili
1299 2971 1459 3077 negotio
1490 2971 1542 3052 acl
1567 2967 1822 3050 differandam
1855 2968 2038 3053 obtinuit.

732 3093 912 3206 Reliquas
945 3099 1034 3182 duas
1066 3097 1110 3180 ad
1131 3099 1262 3182 viuum
1280 3095 1470 3204 descripfit
1490 3113 1531 3179 et
1548 3094 1720 3178 delineari
1749 3093 1856 3176 iullrt.
1893 3095 2040 3181 Vtrum

727 3217 953 3334 ‘Petropolin
992 3226 1156 3335 perlatae
1207 3226 1277 3308 sint
1326 3227 1469 3307 dubito.
1530 3221 1822 3307 Ferociffimum
1870 3248 2041 3333 namque

733 3351 875 3433 attimal
908 3353 990 3454 cst,
1015 3373 1191 3436 'omnem
1218 3353 1477 3450 obedientiam
1517 3348 1736 3458 refugiens,
1766 3368 1839 3455 ct,
1864 3349 1896 3430 fr
1924 3351 2042 3434 ciliae-

625 3511 628 3518 ·
735 3475 921 3572 uehiculo
956 3479 1212 3586 imponendae
1250 3478 1482 3580 includitur,
1530 3473 1862 3557 vehementiffima
1913 3480 2035 3584 agita-

736 3602 843 3685 tione
896 3623 936 3688 ec
981 3605 1106 3686 inedia
1141 3622 1317 3686 mortem
1364 3603 1430 3685 fibi
1482 3601 1687 3684 contrahit.
1752 3599 1908 3684 Habitat
1955 3630 2039 3691 non

734 3731 862 3812 modo-
876 3732 922 3812 ad
940 3728 1075 3810 lnitcn
1106 3730 1292 3837 fluuium,
1325 3732 1385 3811 led
1406 3755 1475 3838 per
1490 3731 1703 3812 uniuersam
1722 3727 1929 3834 Silpitiam,
1958 3759 2037 3842 qua

733 3857 926 3938 montibus
958 3854 1075 3940 obsita
1110 3857 1172 3941 est.
1241 3859 1470 3967 Frequenter
1501 3855 1545 3936 io
1572 3856 1745 3940 confiniis
1776 3853 1909 3940 Sinicia
1946 3885 2019 3945 vet·

730 3981 854 4087 larun,
886 3984 970 4068 imo
1000 3983 1046 4067 ad
1082 3985 1211 4068 l'ntota
1245 4010 1360 4096 voque
1400 3983 1546 4067 Oceani
1595 3985 1798 4070 Orientalis
1846 3989 2032 4073 excurrit.

732 4108 937 4192 Inaccellas
969 4113 1192 4222 plerunque
1225 4139 1341 4222 rupes
1372 4111 1580 4194 inhabitare
1615 4133 1743 4209 amat,
1781 4137 1806 4193 a
1838 4118 2033 4199 montium

731 4237 833 4346 iugis
864 4239 906 4320 in
936 4264 1169 4351 camporum
1202 4242 1379 4351 planities
1410 4238 1638 4350 descendit,
1666 4265 1768 4324 mox
1797 4260 1928 4324 amata
1960 4243 2033 4328 fibi
