4484 5934
475 559 586 656 Η
646 482 1210 659 ΕΙιΜΜγπ
1342 441 1487 676 :gl

171 794 448 895 dedrifieatae
465 801 658 892 volumini
689 806 869 892 materiae
892 803 1090 890 eledidcae
1106 806 1269 916 agitatae
1286 809 1457 894 immer-

152 934 202 1022 sa
233 931 341 1042 effe3
373 955 453 1039 quo
483 931 566 1020 casu
600 935 744 1020 necesse
776 933 830 1018 est
865 997 878 1040 ,
930 951 972 1014 vt
1012 935 1116 1040 virga
1153 933 1273 1017 ferrea
1313 941 1453 1048 absque

168 1061 280 1148 omni
311 1058 471 1148 fulmine
503 1080 543 1145 er
573 1063 714 1146 tonitru
748 1058 1042 1165 eleetuficatur,
1071 1060 1098 1144 fi
1130 1061 1311 1145 nimimm
1350 1065 1455 1148 nulia

169 1187 284 1278 nubes
313 1189 451 1274 maiori
482 1189 546 1274 vel
576 1189 722 1277 minori
752 1190 870 1298 gradu
918 1185 1162 1274 eiedirificata
1211 1187 1261 1272 ad
1310 1188 1469 1276 nubem»

166 1315 272 1404 illam
305 1316 480 1440 apcedit,
511 1317 628 1404 cuius·
645 1317 839 1404 uolumini
865 1316 1044 1400 materiae
1076 1315 1276 1404 elediricae
1293 1321 1455 1428 agitatae

166 1445 275 1554 virga
305 1441 422 1528 ferrea
454 1444 634 1530 immeth
664 1443 749 1549 est,
779 1469 857 1554 qno
887 1443 988 1527 facto
1020 1441 1175 1530 scintilla
1215 1461 1455 1558 concrepant

165 1587 207 1656 tt
239 1569 573 1658 inflammabiiibus
603 1572 775 1656 materiis
808 1567 1058 1680 praesentibus
1085 1570 1374 1678 inflammatio,
1408 1591 1452 1658 et

164 1697 353 1788 interdum
405 1701 522 1785 etiam
574 1702 714 1782 tonitru
764 1697 947 1785 obseruari
995 1697 1165 1786 deberet.
1230 1699 1292 1787 Ita
1335 1700 1448 1786 enim

161 1823 349 1914 artificiali
380 1826 627 1912 eledticitate
657 1821 920 1932 dedrificatut
952 1828 1058 1936 virga
1088 1825 1237 1937 ferrea,
1284 1827 1311 1914 fi
1343 1827 1452 1914 tedie

159 1949 306 2044 unua
339 1951 395 2038 est
428 1971 467 2038 er
503 1950 686 2064 sphaerae
718 1954 915 2042 adtinitatis
930 1955 1105 2066 corporis
1121 1931 1359 2041 electrificeti
1374 1958 1451 2044 im·

156 2079 309 2189 mersa,
327 2080 406 2170 fine
429 2083 539 2168 omn·
566 2077 717 2170 scintilla
748 2101 1002 2191 concrepante
1030 2084 1306 2193 praecedente:
1325 2094 1451 2196 neque

156 2209 379 2294 mirandum
410 2209 467 2296 est
524 2222 572 2297 oc
604 2209 685 2300 casu
715 2207 827 2298 filum
861 2209 994 2297 indicia
1037 2233 1108 2320 per
1156 2209 1298 2320 inhgne
1346 2229 1450 2301 tem.

151 2109 542 2550 QWAE)
566 2337 761 2424 ostendere
792 2336 962 2422 eundem
994 2340 1173 2448 gradum.

382 2465 438 2548 esi
469 2462 520 2573 a}
544 2467 678 2552 eadem
710 2466 818 2574 virga
850 2461 968 2550 ferrea
994 2483 1103 2552 extra
1121 2463 1318 2574 sphaeram
1344 2465 1445 2554 adti-

149 2587 290 2678 'ritatic
321 2591 431 2680 nubis
460 2589 723 2684 neutrumne
751 2591 941 2704 existere3
975 2617 1054 2707 quo
1085 2591 1169 2678 casu
1199 2593 1342 2688 nullam
1361 2596 1449 2708 elea

150 2717 388 2810 (incitatam
418 2716 527 2806 filum
560 2720 751 2810 indicabit.
785 2717 952 2804 Ponatur
976 2738 1107 2806 autem
1229 2777 1234 2782 -

314 2841 761 2960 ”adpropinquatione
799 2847 1027 2934 diuersarum
1070 2847 1228 2938 nubium
1269 2851 1469 2965 inaequa.

153 2971 241 3062 liter
294 2970 623 3062 autenficatnum
671 2973 762 3062 oriri
811 2973 1008 3064 stintillam
1041 2997 1373 3092 concrepantem,
1407 2997 1450 3070 et

153 3101 246 3190 inde
281 3099 427 3186 suimen
456 3115 497 3186 et
526 3104 701 3207 tonitnr,
734 3101 859 3212 potest
892 3100 984 3193 hinc
1012 3103 1135 3190 subito
1165 3109 1292 3221 augeri
1323 3105 1448 3196 radiue

152 3228 340 3340 sphaerae
369 3227 571 3314 affinitatis
602 3227 740 3337 nubis,
773 3230 834 3314 vti
862 3229 971 3342 uirga
1004 3227 1119 3316 ferrea
1147 3233 1228 3320 eius
1265 3232 1447 3343 sphaerae

151 3357 362 3444 adfinitatis
389 3359 667 3464 immergatur,
695 3371 736 3439 et
767 3358 819 3442 ita
868 3355 989 3442 subito
1042 3360 1167 3469 potest
1216 3352 1447 3451 elei’rricitat

149 3485 271 3574 oriri.
334 3481 425 3570 Hoc
456 3481 583 3595 pofito
611 3481 642 3570 sr
672 3484 843 3574 medium
875 3483 930 3570 est
960 3483 1100 3573 fictum
1143 3504 1184 3572 et
1220 3492 1446 3601 originariae

150 3609 444 3720 elee'tricitatia,
476 3612 580 3723 quod
612 3628 747 3701 catena
778 3611 1060 3702 eledirificanda
1091 3615 1301 3734 contingit,
1319 3616 1445 3729 potest

149 3739 386 3830 electricitaa
418 3763 488 3851 per
517 3736 671 3854 aliquod
702 3741 891 3852 temporis
918 3741 1079 3853 spatium
1112 3744 1155 3832 iu
1204 3747 1338 3830 eadem
1378 3744 1445 3834 in·

150 3869 330 3962 musione
360 3867 563 3979 petissere.
626 3868 774 3984 Quodfi
804 3891 901 3954 vero
929 3869 1098 3956 medium
1138 3869 1194 3956 est
1210 3871 1444 3982 humidum,
1496 3957 1500 3964 .

151 4015 194 4086 et
227 3999 289 4080 ita
318 3995 595 4109 adpropinquat
644 3997 690 4081 ad
741 3996 910 4082 indolem
957 4020 1165 4110 corporum
1218 4002 1445 4089 deriuatiuae

151 4123 452 4229 elediticitatia,
481 4121 635 4236 possunt
660 4124 876 4212 fulcimenta
893 4141 1046 4210 catenae
1070 4126 1180 4220 facile
1198 4125 1411 4217 humedari
1430 4192 1444 4238 ,

151 4273 194 4340 et
228 4256 288 4338 ita
321 4269 405 4336 tota
455 4273 585 4340 catena
633 4253 736 4338 breui
765 4254 805 4340 in
835 4277 974 4366 corpur
1011 4253 1242 4340 deriuatinae
1283 4253 1440 4340 eleiiri-
1495 4308 1499 4312 -

149 4381 287 4472 citatis
316 4379 514 4466 infinitum
544 4383 713 4494 mutari;
747 4383 853 4470 vnde
884 4406 966 4468 non
996 4383 1175 4492 mirum,
1222 4383 1252 4471 ti
1288 4381 1444 4476 etaetat-

145 4510 252 4604 ritaa
285 4524 444 4604 catenae
474 4507 595 4606 subito
624 4507 815 4730 decrexspit.
843 4615 848 4618 ,
878 4509 1006 4600 Potest
1035 4535 1132 4606 vero
1162 4513 1280 4607 etiam
1303 4511 1445 4760 ἔξω

799 4661 892 4733 ta
982 4717 986 4726 .
1065 4709 1069 4718 ,
1396 4662 1447 4731 e.-
