4484 5934
359 445 1328 610 rnrrrrarsaron'cnrnaur
1361 517 1459 612 uu

167 725 209 816 in
238 712 359 825 liguas
389 711 519 828 natur
551 736 589 801 et
620 717 839 817 intellinnnt
873 725 1023 840 redium
1066 719 1155 842 (G)
1203 727 1458 848 interiacens,·

166 847 456 958 ligamentisqne
490 845 672 955 consuetis
703 848 910 942 firmatae·
941 857 990 936 ln
1032 854 1203 942 rubrum
1256 860 1454 968 spermati·

158 977 302 1060 'corum
332 973 591 1078 distributione
625 975 722 1069 trilril
751 979 933 1088 srngtrlare
964 984 1138 1069 ortrrrrit.
1172 985 1323 1070 Arteria
1349 987 1453 1094 sper-

167 1103 308 1199 marica
339 1100 466 1187 dertri
488 1105 662 1211 ⁴lateris,
710 1104 849 1212 sinistra
891 1108 1019 1213 multo
1050 1108 1205 1202 iustrins
1252 1113 1350 1218 fita,
1400 1135 1455 1194 ex

146 1251 274 1326 ⁴aortn
309 1225 397 1343 (D)
429 1233 775 1347 progrediebatur,
806 1253 916 1343 atquc
948 1257 1051 1321 mox
1069 1263 1203 1346 cauato
1223 1235 1309 1354 (E)
1328 1238 1456 1354 supet-

165 1360 373 1462 settudens,
405 1360 658 1464 eminentiam
690 1363 876 1468 quadam
907 1367 1020 1471 elus,
1051 1363 1064 1468 l
1073 1363 1127 1471 b)
1159 1395 1253 1476 qnae
1287 1373 1326 1454 in
1377 1367 1457 1477 ipso

163 1493 235 1586 illo
264 1488 350 1587 loco
380 1485 465 1593 eli,
502 1489 566 1592 ubl
599 1510 699 1584 rena
741 1491 968 1596 spermatict
1014 1498 1096 1600 lo)
1146 1496 1278 1578 finissri
1330 1495 1463 1581 lateris·

163 1618 404 1728 ingreditur,
440 1615 519 1699 fere
552 1616 700 1723 tangit,
749 1641 849 1700 mox
881 1616 1045 1702 funiculo
1078 1623 1250 1706 valrrurn
1284 1625 1458 1732 surma-

161 1749 331 1842 tinorum
371 1744 552 1842 inruun-
623 1741 863 1851 Spermalica
910 1762 1011 1841 uena
1061 1749 1192 1837 srnillri
1241 1749 1365 1838 lateris
1416 1750 1456 1834 id

162 1877 357 1987 peetrllure
390 1873 534 1979 lubet,
566 1892 612 1966 nt
638 1869 703 1973 lull
734 1893 842 1974 torta
874 1876 1158 1985 progrediendo
1188 1884 1229 1984 jn
1249 1902 1360 1992 parte
1380 1902 1458 1990 po⁴

162 2003 311 2101 steriori
341 2025 455 2098 cauae
487 2000 750 2109 implanetur·
1492 2027 1496 2042 ·

312 2132 421 2244 Qtne
451 2130 501 2222 de
529 2128 669 2224 sceleto
698 2130 777 2226 dici
808 2129 932 2220 adhuc
963 2153 1161 2226 merentur
1178 2136 1304 2248 „quia
1334 2157 1358 2216 e
1386 2131 1457 2228 sce·

163 2256 250 2348 leto
277 2255 499 2370 Peltopttlitt
530 2257 649 2352 millo
696 2259 826 2365 quartis
851 2261 1049 2345 occasione
1081 2265 1212 2356 exadla
1254 2263 1459 2372 descriptio
1638 2323 1641 2330 ,

164 2386 252 2476 ocri
284 2389 440 2498 potest,
489 2387 682 2499 specialius
712 2385 905 2476 recensete
942 2389 1173 2497 supersedeo.
1238 2386 1459 2474 Clauiculae
1587 2402 1591 2412 ’

159 2514 304 2610 nullae.
369 2510 451 2606 Sex
479 2515 674 2608 seneli-ae
709 2513 829 2625 colli,
861 2517 1147 2623 quatuordecim
1182 2519 1353 2602 dorstet
1391 2515 1459 2606 sex

160 2642 403 2728 lumborum.
437 2643 525 2734 Olla
554 2643 666 2752 pubis
696 2641 861 2733 omnim
893 2645 1096 2749 peculiaria
1114 2650 1211 2750 :lunt
1235 2661 1275 2728 et
1302 2642 1470 2750 anterius⁸

160 2793 239 2879 per
272 2769 535 2876 cartilaginem
572 2773 800 2877 iunguntur,
826 2768 986 2859 ettibus
1016 2753 1187 2863 crutlbus
1217 2770 1460 2876 conflatam,

163 2919 250 2981 roo
281 2897 476 3005 longiori,
507 2898 604 2982 duos
632 2893 793 2999 pollices
820 2892 942 3000 longo
972 2913 1009 2978 et
1041 2914 1246 3004 rtrumque
1280 2919 1326 2984 os
1352 2894 1465 3003 pubis

162 3023 441 3126 interiacente,
463 3039 586 3127 ,atque
616 3019 791 3116 duobus,
824 3023 872 3108 ab
905 3021 983 3110 troc
1016 3019 1185 3127 longiori
1220 3020 1394 3128 utrinque
1412 3021 1467 3122 ad·

163 3175 257 3234 oras
286 3149 370 3232 offis
398 3147 507 3256 pubis
541 3145 744 3254 produdiis.
808 3143 983 3254 Spatium
1016 3148 1201 3238 nimirum
1228 3147 1353 3252 illud,
1380 3170 1463 3254 quo

164 3280 250 3359 olla
284 3277 394 3384 pubis
425 3276 654 3382 iunguntur,
688 3297 768 3354 non
801 3275 856 3355 rti
888 3278 927 3356 in
946 3274 1144 3381 homine,
1178 3274 1320 3384 aliquot
1342 3274 1462 3361 lineas

164 3423 352 3508 tantum,
404 3401 463 3485 led
496 3402 590 3483 duos
631 3400 792 3509 pollices
839 3397 1080 3510 longitudine
1131 3401 1460 3512 comprehendit3

164 3536 267 3614 adeo
298 3529 441 3612 solicite
475 3550 606 3612 natura
639 3548 764 3636 parter
795 3530 977 3634 genitales
1004 3531 1237 3631 custodiuit,
1284 3547 1328 3610 rt
1360 3528 1462 3640 qnod

165 3657 386 3740 foemininis
419 3656 585 3766 partibus
617 3656 855 3738 ualunlarum
888 3657 952 3740 vel
982 3655 1140 3740 aliarum
1178 3654 1462 3740 artificiolarnrn

166 3785 435 3869 machinnrnnr
469 3801 653 3894 apparatu
682 3783 906 3887 decederet,
937 3808 1006 3893 per
1038 3783 1168 3866 solidas
1200 3782 1304 3866 halce
1339 3803 1466 3892 partes

168 3912 496 4018 compensaretur.
564 3909 753 3995 Valuulae
781 3907 908 4012 forte,
946 3911 992 3993 ad
1033 3915 1139 3994 uteri
1172 3909 1329 3994 ltutnani
1359 3907 1468 3990 orifi-

172 4045 282 4120 ciunt
324 4040 519 4120 internum
554 4038 674 4142 fitne,
707 4039 814 4120 datae
844 4052 993 4118 tantum
1027 4037 1139 4137 sunt,
1173 4055 1216 4117 vt
1247 4041 1374 4118 n'e'renr
1409 4019 1474 4113 nr·s

174 4181 303 4246 ceant.
369 4165 425 4286 ln·
449 4165 525 4281 boc
558 4167 716 4278 animali
767 4161 898 4246 otium
934 4163 1042 4270 pubis
1071 4160 1244 4274 fingulnri
1299 4159 1472 4244 lirudlura

175 4292 309 4372 eident
341 4297 395 4376 rei
431 4312 585 4378 ratitum
620 4291 689 4375 ell.
751 4289 799 4375 tn
842 4289 1000 4398 pedibus
1048 4289 1301 4378 anterioribus
1353 4287 1473 4368 calcs-

174 4443 298 4504 neunt
331 4417 568 4530 longitudire
600 4440 679 4503 tant
713 4418 952 4523 humerum,
983 4443 1099 4527 quam
1118 4419 1252 4504 vinam
1271 4435 1307 4498 et
1327 4414 1473 4498 radium
1511 4437 1514 4444 ’
1557 4395 1559 4408 ’

203 4572 208 4580 ’
241 4545 369 4644 Tem}
385 4547 457 4635 lv.
479 4547 587 4638 Nou.
608 4543 727 4635 Com.
927 4548 958 4636 1²
974 4545 1029 4632 ff
1319 4541 1469 4656 snpera-
