4484 5934
262 533 561 643 cAnonrs
592 453 1004 630 SOLlDORVM
1033 529 1117 630 IN·
1138 528 1326 634 AERE
1368 549 1460 640 258

285 785 421 874 Coreli.
458 811 499 868 2.
541 775 645 870 Cum
665 777 766 866 ‘ferri
797 777 900 864 calor
930 777 979 862 ab
1011 799 1102 881 139
1133 779 1181 867 ad
1217 805 1308 868 100
1357 777 1470 866 sexa.
1540 799 1546 806 ·

170 917 276 1034 ginta
306 941 452 1001 nonem
484 913 582 1000 min.
615 937 675 1024 pr.
723 905 912 994 decrescat
962 903 1236 1020 (ExpenV)
1287 912 1329 994 in
1360 929 1467 994 tem·

169 1048 276 1159 perio
305 1047 397 1130 aeris
428 1049 491 1148 64
522 1070 597 1155 gr:
642 1062 685 1124 et
716 1040 890 1124 stannum
941 1035 1047 1120 idern
1095 1039 1388 1122 decrementum
1419 1038 1464 1120 in

170 1174 307 1262 eadem
340 1175 529 1285 temperie
559 1169 807 1284 qnadraginta
838 1165 984 1276 septem
1035 1166 1195 1251 minutis
1223 1164 1361 1276 primis
1391 1187 1476 1274 paq

171 1307 284 1390 tiarur
317 1298 416 1417 (per
447 1303 595 1412 Exper.
616 1289 859 1414 praeced),
890 1291 1033 1380 ferrum
1063 1297 1184 1412 etiam
1231 1295 1373 1382 tardius
1403 1289 1470 1403 ltif

171 1431 318 1544 gescit,
349 1460 466 1544 quam
501 1429 690 1517 stannum.

286 1627 325 1727 §.
367 1631 437 1710 16.
467 1619 609 1712 Coroll.
663 1651 707 1728 3.
740 1616 1014 1706 Aurichalcum
1062 1641 1159 1729 ergo
1209 1635 1249 1706 et
1301 1638 1469 1730 cuprum
1574 1663 1578 1674 ·

171 1755 414 1859 maximam,
434 1750 562 1860 postea
579 1749 733 1853 ferrum,
748 1749 886 1831 deinde
902 1747 1093 1853 stannum,
1110 1765 1149 1829 et
1166 1749 1324 1833 tandem
1342 1748 1470 1858 plum·

171 1878 268 1958 bum
306 1881 488 1964 uirtutum
522 1875 726 1950 rralnlmnm
756 1875 942 1952 reduendi
980 1875 1156 1953 calorem
1202 1873 1321 1954 habet
1370 1876 1475 1952 lutet

171 2001 398 2086 examinata
431 1993 527 2079 naec
558 2016 738 2104 corpora.

292 2187 329 2288 §.
365 2205 436 2289 17.
471 2183 537 2271 Ex
570 2181 629 2268 his
658 2179 976 2270 obseruationibus
1008 2182 1200 2272 tutionem
1248 2185 1472 2272 decremen-

174 2317 307 2404 'totnm
338 2312 472 2401 caloris
504 2310 787 2424 praedrdtornm
818 2305 1063 2398 metallorum
1111 2308 1177 2398 sub
1223 2324 1328 2401 certa
1349 2293 1474 2398 ‘tem
1599 2318 1604 2328 '

178 2447 284 2559 petie
316 2447 409 2528 aeris
440 2440 522 2526 erni
551 2441 656 2551 posse
688 2461 897 2550 accurate,
930 2441 1164 2555 promittere
1181 2441 1281 2528 haud
1298 2440 1475 2555 polium,

166 2577 263 2684 ¹quia
299 2597 377 2656 uno
409 2573 718 2657 Tlrcrmometro
750 2571 838 2682 poll
884 2571 1044 2658 alterum
1093 2570 1294 2658 obseruato
1326 2591 1478 2682 ternpus

181 2695 477 2812 praeterlapsnm
529 2699 584 2784 est
603 2761 635 2808 ,a
668 2719 714 2784 ut
745 2697 836 2784 hinc
865 2698 1032 2810 qnalibet
1064 2698 1324 2786 obseruatione
1359 2699 1482 2784 dimi·

182 2829 233 2914 dii
264 2831 399 2942 gradus
428 2851 597 2912 errorem
627 2824 728 2910 forte
759 2850 838 2909 non
867 2821 1083 2912 euitnuerim
1115 2846 1159 2911 et
1175 2828 1240 2913 uel
1264 2831 1305 2912 in
1324 2821 1477 2914 excelsu
1576 2837 1581 2846 “

183 2957 248 3041 uel
278 2955 427 3042 defectu
477 2957 731 3065 peccauerim.
802 2953 996 3062 Accedit,
1036 2955 1337 3042 Thermometrn
1368 2953 1475 3042 suillo

186 3085 403 3196 angustioris
453 3081 571 3164 scalae
633 3100 675 3165 et
724 3081 986 3167 difficultatem
1034 3104 1204 3168 accurate
1252 3084 1472 3172 obieruandi

186 3213 333 3298 auxilie.
376 3205 699 3294 Constitutionem
730 3209 891 3320 denique
925 3210 1017 3294 aeris
1049 3214 1198 3303 ratione
1230 3211 1401 3298 liccitatis
1433 3229 1473 3296 et

186 3339 454 3452 tranquillitatis
484 3333 583 3420 sorte
621 3334 729 3422 fuille
760 3337 909 3422 diuerso
942 3357 1117 3446 ternpore
1134 3338 1334 3423 diuersam.
1363 3343 1475 3448 luunt
1616 3413 1621 3448 ,

188 3489 315 3553 tamen
347 3464 580 3576 adposnilie,
612 3467 861 3576 quodcunque
898 3491 951 3548 ex
979 3457 1306 3553 'obseruationibus
1339 3468 1475 3556 deduci

189 3598 313 3709 potuit
345 3595 508 3706 sequenti
542 3589 680 3678 tabula.
714 3591 1061 3679 Decrementorum
1094 3594 1232 3680 caloris
1267 3599 1473 3682 initialiurn

190 3742 391 3836 propterea
438 3725 626 3806 rationem
675 3747 755 3805 non
804 3719 950 3830 habui,
1002 3725 1090 3834 qnia
1138 3724 1250 3807 initio
1300 3727 1475 3810 obserua-

189 3855 341 3936 tionum
372 3849 761 3935 Thermometrorum
793 3850 974 3934 uelocitas
1004 3853 1121 3936 nimis
1151 3851 1378 3963 prohibuit,
1396 3875 1477 3966 quo

192 3981 317 4066 minus
349 3998 518 4087 ternpus,
547 4001 627 4087 quo
657 3977 863 4062 mercurius
893 3979 1035 4064 eodem
1070 3999 1250 4091 ternpore
1280 3986 1320 4068 in
1350 3983 1479 4068 Ther·

193 4107 396 4192 mometris
427 4107 633 4216 stagnabat,
665 4106 792 4191 notari
823 4108 1020 4218 potuerit,
1051 4125 1093 4191 et
1108 4107 1157 4198 lic
1174 4109 1297 4220 ipsum
1325 4112 1475 4198 initium
1568 4201 1571 4207 ,
1645 4133 1660 4142 ’

190 4233 379 4320 incertum
412 4233 469 4318 srt.
886 4340 890 4347 Ι

309 4359 359 4448 ln
387 4361 535 4448 tabulae
566 4358 747 4474 sequentis
776 4357 969 4449 Columna
1000 4361 1149 4476 prima·
1168 4366 1289 4452 exllat
1336 4387 1479 4477 corpur

187 4493 470 4584 examinatum:
503 4491 727 4583 infecunda
753 4491 1186 4710 llixperimentum,ex
1217 4521 1296 4616 quo
1325 4513 1478 4584 erutum
1563 4609 1566 4612 ⁴

307 4657 311 4664 ·
816 4621 832 4710 i
864 4639 890 4724 a
1420 4621 1477 4711 est
