4484 5934
311 527 315 540 ·
386 535 878 640 rucorrouu
930 520 1315 639 auruum.
1384 538 1473 659 373

195 776 382 871 elementa
415 789 541 898 prima
569 783 677 869 soluti
697 787 813 895 prius.
846 783 912 868 De
940 784 1071 868 tellure
1104 785 1236 873 hausto
1255 789 1365 874 succo
1381 777 1485 874 alud·

197 930 262 998 tur
308 909 474 1024 stirpes,
525 913 695 1022 stirpibus
729 913 924 1022 pascuntur
956 911 1174 1019 animalia,
1215 935 1278 997 aut
1318 917 1483 1002 aliorum
1547 921 1551 929 '

195 1040 422 1124 animalium
457 1045 655 1149 partibus,
688 1065 785 1149 quae
824 1041 928 1152 prius
962 1041 1212 1124 comederant
1247 1045 1484 1150 vegetabilia.

194 1166 316 1251 Pisces
353 1172 522 1252 maiores
553 1171 722 1252 minores
763 1169 983 1274 deuorant,
1035 1166 1106 1277 ipsi
1157 1169 1372 1273 minimos,
1421 1171 1486 1280 qul

196 1295 340 1388 iterum
372 1296 542 1404 insedit,
575 1316 616 1378 et
647 1293 742 1376 haec
775 1297 987 1379 nutriuntur
1019 1296 1222 1402 vegetabili
1256 1287 1486 1381 tenuissimo.

259 1423 389 1508 Torua
418 1423 573 1510 Leaena
604 1424 752 1532 Lupum
773 1415 978 1534 sequitur,
1010 1422 1137 1532 Lupus
1168 1426 1238 1533 iple
1256 1421 1486 1536 Capellam,

258 1545 474 1638 Florentem
505 1543 662 1657 Cytifirm
679 1543 849 1662 ftquitur
876 1541 1015 1656 lafrim
1046 1539 1222 1663 Capella.
1266 1547 1323 1662 (a)

350 1678 561 1763 Vastiffima
619 1678 843 1784 animalia,
892 1675 1088 1787 elephas,
1144 1679 1310 1763 camelus
1347 1743 1359 1786 ,
1417 1677 1486 1763 bos

194 1807 408 1916 saginatus,
440 1831 557 1915 equus
587 1801 910 1913 generolilsimus,
939 1804 1071 1888 herbis'
1104 1807 1277 1890 constant
1309 1805 1488 1890 comestis

195 1955 241 2015 et
273 1959 369 2043 aqua
409 1957 533 2043 pura,
573 1933 612 2013 in
652 1930 757 2016 suum
798 1932 951 2016 mutatis
991 1957 1139 2042 corpus.
1213 1933 1350 2067 Homo
1390 1953 1485 2016 uero

195 2059 426 2172 vegetabilia
472 2058 690 2163 comedit,
741 2062 862 2143 uarias
899 2059 1125 2146 animalium
1171 2085 1329 2166 carnes,
1368 2049 1486 2171 pisces
1607 2085 1612 2091 ·

195 2208 239 2270 et
281 2187 450 2293 insede,
492 2188 550 2271 his
586 2183 705 2267 semet
743 2186 921 2294 sustinet,
960 2209 1124 2295 quorum
1163 2191 1342 2271 omnium
1384 2188 1484 2295 prin-

193 2317 342 2424 cipium
376 2313 431 2398 est
461 2314 510 2397 de
540 2334 633 2402 terra
665 2311 841 2396 haustum
874 2313 1052 2423 pabulum
1096 2315 1270 2397 micum·
1308 2333 1348 2396 et
1388 2335 1487 2423 aqut

193 2441 352 2525 iterum.
418 2435 567 2524 Contra
599 2465 694 2550 quae
738 2465 791 2522 ex
839 2442 900 2525 his
937 2440 1103 2523 assumtis
1151 2443 1255 2550 prius
1305 2437 1485 2526 conuersa

190 2567 240 2651 in
264 2593 401 2679 corpus
433 2589 584 2652 mutans
615 2565 794 2650 exhalant
826 2569 875 2650 de
904 2564 1101 2671 homine,
1135 2571 1184 2651 de
1213 2567 1365 2678 reliquis
1402 2568 1484 2650 ani·

191 2697 395 2803 malibus,
436 2721 507 2805 per
544 2693 791 2779 insensibilem
831 2694 1152 2806 perspirationem
1186 2715 1241 2777 et.
1272 2696 1481 2800 sudorem,

191 2845 296 2931 quae
328 2847 399 2932 per
431 2823 614 2925 saliuam,
648 2823 827 2918 urinam,
859 2819 1027 2923 aluum,
1054 2823 1377 2929 deputationum,
1408 2845 1481 2904 ex·

190 2966 428 3052 cernuntur,
481 2949 544 3031 illa
577 2948 709 3031 omnia
741 2948 846 3030 breui
889 2966 1065 3056 tempore
1095 2945 1281 3056 disparent
1329 2971 1484 3031 euanes-

191 3079 322 3159 centia
356 3076 396 3158 in
430 3080 532 3158 a'e'ra.
597 3073 690 3159 lmu
718 3097 814 3157 uero
854 3074 1020 3183 ingentia
1059 3074 1271 3160 belluarum
1315 3067 1480 3185 corpora
1614 3171 1623 3190 ³

190 3204 238 3287 in
270 3204 420 3286 desertis
451 3218 636 3306 mortua,
666 3199 875 3285 hominum
919 3200 1006 3309 post
1045 3202 1134 3284 belli
1176 3200 1376 3286 condidus
1416 3225 1479 3286 re·

189 3328 286 3414 lidia
324 3333 365 3413 in
406 3331 552 3438 campis
594 3328 777 3412 cadauera
804 3394 815 3433 ,
841 3351 938 3410 ‘uun
976 3326 1088 3437 longa
1130 3329 1181 3409 ita
1229 3353 1367 3434 mora,
1410 3345 1481 3436 per

190 3458 298 3540 coeli
315 3477 355 3542 et
379 3458 651 3565 tempestatum
679 3454 920 3565 asperitates,
945 3458 1041 3539 a'e'ris
1068 3447 1365 3560 vicissitudines,
1394 3455 1483 3540 solis

189 3587 372 3669 ardorem
405 3603 444 3666 et
475 3605 686 3693 teporem,
716 3582 875 3665 resoluta
907 3584 1069 3690 prius-iu
1097 3583 1262 3687 tabem,
1296 3582 1476 3668 diffluunt

189 3713 438 3823 putrelrdia3
490 3733 529 3794 et
557 3711 651 3811 illa,
685 3735 779 3818 quae
812 3709 875 3794 sub
909 3729 1005 3794 terra
1034 3708 1260 3819 sepeliuntur
1276 3747 1303 3812 ,e
1330 3711 1476 3794 ibidem

188 3855 394 3925 uertuntur
422 3839 462 3919 in
490 3837 746 3922 tenuiliimam
782 3836 1020 3945 mephitim,
1055 3863 1152 3948 quae
1187 3839 1352 3922 volatilis
1376 3837 1475 3922 fassa

185 3991 266 4079 per
296 3967 462 4066 eiusdem
497 3991 616 4076 puros
656 3965 794 4047 transit.
837 3965 1046 4048 'Tandem
1090 3965 1166 4048 olla
1208 3966 1341 4050 relidia
1383 3966 1477 4048 albi·

185 4097 345 4199 cautia,
378 4095 509 4176 iisdem
536 4093 685 4177 iniuriis
720 4093 927 4198 calcinate,
976 4091 1212 4176 collabuntur
1250 4092 1290 4172 in
1332 4089 1476 4174 cineres'

186 4240 316 4304 vento
347 4221 562 4303 difflandos.
625 4220 710 4302 Hac
741 4221 887 4302 ratione
920 4220 1085 4329 ingentia
1124 4243 1285 4329 corpora
1325 4221 1477 4304 anima·

121 4441 134 4454 ι
183 4348 288 4432 lium
349 4349 519 4432 dissoluta
576 4343 798 4459 sepeliuntur
848 4366 927 4429 tota
983 4348 1022 4428 in
1083 4349 1173 4430 a'e're
1208 4405 1220 4448 ‚
1291 4346 1403 4430 citius
1452 4345 1481 4432 u

176 4615 843 4644 mann—*t*-
853 4621 1476 4646 ”mnu—auu·-

242 4660 309 4768 [a]
339 4661 494 4760 Virgilius
521 4655 631 4735 bucol.
656 4664 756 4761 eclog.
788 4683 844 4746 tr,
875 4669 963 4732 tlfu
992 4676 1057 4743 62.
