4484 5934
755 518 846 606 422
911 629 916 644 ,
1012 487 1433 626 onannuan
1469 463 1797 594 utnon-³

903 731 989 818 Oua
1018 736 1210 843 candida,
1257 735 1505 823 immaculata
1535 737 1648 841 sunt,
1697 759 1774 847 pto
1817 727 1895 816 anis
1932 729 2039 818 mole

756 861 911 972 grandia
943 862 1054 971 satis,
1082 868 1130 950 ad
1162 865 1328 950 alterum
1362 869 1546 951 uerticem
1580 866 1691 948 solito
1719 859 1902 950 acutiora.
1972 862 2037 948 vt-

757 991 866 1077 tellus
897 1014 1066 1078 ouorum
1098 1000 1226 1080 crocei
1257 977 1426 1106 caloris,
1454 997 1565 1081 ualde
1597 993 1754 1106 sapidus.
1795 1056 1800 1063 ·

575 1177 579 1184 ’
910 1151 999 1238 Oua
1031 1155 1151 1238 anatis
1183 1153 1340 1237 atc'licae
1508 1251 1512 1262 Ι
1804 1149 1907 1234 Vnc.
1942 1147 2008 1237 lin.

558 1254 649 1362 ΠΒ·
679 1286 736 1348 ¹⁷·
911 1279 1136 1388 Longitudo
1169 1284 1254 1365 axis
1461 1317 1482 1346 ·
1593 1334 1614 1356 .
1719 1331 1735 1354 .
1849 1303 1874 1358 2
1961 1304 1991 1380 9

910 1406 1109 1495 Diameter
1140 1409 1310 1494 maxima
1462 1447 1480 1470 ·
1593 1453 1616 1472 -
1719 1454 1737 1476 ·
1850 1433 1876 1490 α
1966 1432 1989 1491 ι

914 1539 1162 1626 Diametralis
1211 1539 1372 1625 latitudo
1425 1560 1449 1621 2
1499 1538 1629 1622 uncias
1676 1562 1699 1622 a
1748 1559 1835 1620 tar·

967 1671 1043 1753 tice
1071 1669 1206 1750 latiore
1453 1709 1472 1730 ·
1588 1707 1612 1726 -
1717 1653 1733 1734 ἐ
1847 1685 1867 1742 ι
1962 1674 2003 1749 8.

906 1811 995 1896 Oua
1027 1836 1101 1923 pro
1148 1812 1229 1894 auis
1275 1809 1380 1894 mole
1433 1805 1615 1919 grandia,
1664 1807 1853 1909 candida,
1903 1808 2041 1892 imma·

758 1935 883 2024 culata
912 1937 1023 2044 sunt,
1056 1937 1201 2022 ambitu
1219 1938 1363 2046 crana,
1393 1961 1472 2018 non
1506 1933 1626 2016 subito
1659 1937 1705 2020 ad
1737 1935 1882 2020 lenium
1917 1939 2044 2020 versut

759 2071 948 2153 uerticem
1006 2069 1217 2151 acutiorem
1275 2065 1469 2150 latitudine
1517 2061 1779 2150 decrescentia.
1858 2061 2043 2178 Putamen

760 2195 938 2301 emistus,
965 2220 1009 2277 ac
1041 2199 1078 2276 in
1110 2195 1296 2302 reliquis,
1329 2192 1481 2276 vitellus
1509 2216 1701 2302 croceus3
1731 2187 1828 2277 'oua
1862 2179 1962 2273 elit'ta
1992 2185 2040 2274 la·

761 2323 983 2435 pidilitnn3
1020 2345 1182 2405 numero
1215 2325 1363 2430 quaenis
1395 2319 1474 2403 auis
1507 2343 1625 2405 unum
1659 2317 1771 2432 ponit
1801 2321 1841 2404 in
1876 2320 2042 2403 cauernis

592 2454 625 2544 'v
759 2470 1051 2560 praeruptorum
1084 2450 1294 2555 locorum,
1327 2447 1391 2530 sub
1419 2449 1514 2532 laxis
1546 2447 1677 2530 nidum
1711 2446 1777 2530 fibi
1797 2471 1910 2530 more
1928 2446 2041 2531 anatis

758 2577 918 2661 tiaratae
950 2577 1110 2662 auditae
1128 2559 1339 2684 exeamus,
1371 2573 1610 2688 spoliantium
1628 2599 1763 2660 manus
1779 2574 1903 2660 rostro
1919 2573 2040 2662 vande

756 2700 854 2788 ferit.
914 2741 919 2748 ·
1969 2787 1975 2798 .

911 2847 996 2936 Oua
1031 2853 1146 2960 ponit
1175 2850 1273 2935 circa
1306 2874 1379 2934 20.
1426 2843 1505 2932 Die
1539 2863 1582 2936 8.
1609 2845 1711 2960 Iunii
1742 2847 2039 2960 inquontndam

762 2973 860 3061 nidis
891 2977 972 3060 iam
1006 2977 1131 3060 inueni
1162 2978 1292 3086 pullos.
1779 3009 1784 3020 “

910 3119 1001 3206 Oua
1030 3115 1183 3207 Graculi
1216 3121 1454 3236 palmipedit.

830 3310 834 3323 =
885 3262 1003 3348 ‘liae
1030 3289 1118 3348 aues
1150 3263 1248 3348 inter
1279 3292 1414 3351 omnes
1443 3289 1538 3378 aues,
1559 3264 1723 3350 manitas
1768 3288 1845 3350 oua
1893 3280 2038 3376 ponunt

764 3388 829 3502 ιι.)
863 3392 1094 3477 Admodum
1129 3413 1274 3476 mature
1291 3396 1387 3478 citca
1406 3421 1479 3500 ²4·
1513 3391 1611 3478 Maii
1635 3377 1751 3503 usque
1768 3395 1815 3480 ad
1836 3392 2040 3477 amiani.

768 3517 829 3630 2.)
848 3520 951 3604 ‘Oua
982 3520 1057 3632 ipsa
1089 3543 1252 3604 numero
1284 3523 1391 3631 plura
1423 3523 1590 3610 multum
1613 3521 1734 3632 litatur.
1770 3521 1806 3602 se
1852 3509 2041 3608 differunt.

771 3645 834 3761 3.)
863 3647 1007 3732 Eadem
1041 3671 1115 3756 pro
1149 3652 1406 3758 magnitudine
1441 3653 1595 3735 relatiua
1626 3650 1721 3734 adeo
1751 3647 1931 3734 differunt
1946 3707 1958 3750 ,
1975 3719 1980 3731 .
1996 3665 2048 3756 vt,

768 3772 913 3859 limites
942 3776 1087 3885 prorsus
1115 3778 1317 3861 excedant.
1350 3775 1411 3894 4.)
1444 3773 1589 3864 Colore
1620 3776 1784 3862 multum
1835 3779 2041 3879 diffentnt‚

768 3901 953 4011 quaedam
985 3901 1278 4012 candidiffima,
1306 3909 1490 4016 quaedam
1524 3929 1578 3990 ex
1610 3905 1698 3995 albo
1716 3904 1947 4009 subnitidia,
1973 3901 2045 3992 ὠὴ

767 4043 822 4112 ex
852 4029 951 4123 albu.
972 4049 1012 4112 et
1042 4031 1155 4116 nitidi
1189 4032 1420 4122 subcaerulca
1449 4033 1556 4119 sunt·
1577 4029 1633 4144 5.)
1664 4035 1839 4142 Forma,
1869 4035 1942 4118 alia
1974 4057 2043 4120 an·

767 4155 902 4268 gusta,
932 4155 1132 4267 oblonga,
1180 4162 1250 4246 alia
1281 4162 1498 4272 gallinaceis
1528 4160 1694 4260 nmilia,
1745 4160 1817 4244 alia
1846 4185 1869 4244 a
1897 4151 2046 4243 u'ertioe

766 4283 850 4368 lato
880 4282 1046 4373 tralliori
1084 4284 1245 4378 alterum
1285 4293 1406 4378 uersus
1434 4291 1554 4380 subito
1602 4287 1750 4376 ambitu
1796 4289 2049 4398 dentem,
2198 4295 2199 4306 '

613 4453 620 4460 ·
768 4428 808 4496 et
834 4432 941 4500 acuta
967 4415 1147 4502 euadunt.
2198 4421 2199 4426 '

1843 4465 2047 4632 ,οω-
