4484 5934
772 547 875 633 ⁸372
909 517 1002 609 DE
1036 505 1491 610 COH'AESIO'NE
1530 501 1951 608 SOLIDO'RVM
2064 507 2069 520 ’

783 759 926 846 dudum
971 755 1106 842 attenti
1167 754 1354 863 Phyfici,
1409 755 1534 840 calore
1594 755 1741 841 dilatari
1786 819 1798 864 ,
1855 739 2071 864 raresee're‘‚

782 890 969 976 debilitari
1009 909 1244 995 quaecunque
1278 909 1443 996 corpora
1475 883 1624 992 solida,
1679 885 1819 991 stigore
1851 882 1957 966 vero'
1980 907 2072 968 ron-

783 1019 956 1123 densari,
988 1016 1219 1122 compingi,
1253 1032 1294 1095 et
1324 1015 1497 1096 roborari
1527 1013 1660 1094 eadem
1697 1014 1736 1094 in
1771 1009 1885 1095 tribus
1914 1012 2071 1118 regnis,

784 1145 894 1231 fimus
928 1161 1103 1226 notarunt
1136 1123 1277 1246 seduli,
1318 1163 1500 1223 omnem*
1535 1138 1632 1224 hanc
1684 1142 1942 1223 mutationem
1992 1161 2070 1222 non

785 1275 957 1383 pendere
984 1267 1195 1376 inprimis
1227 1267 1434 1378 elementia,
1458 1267 1578 1379 ipsis,
1608 1287 1648 1352 at
1680 1291 1776 1349 vero
1805 1268 1844 1348 in
1875 1267 1951 1371 iis,
1977 1257 2071 1376 quae

784 1426 837 1486 ex
869 1400 930 1485 his
961 1396 1203 1502 conflantur,
1238 1398 1445 1508 particulis.
1504 1399 1583 1479 An·
1604 1398 1655 1480 ita
1686 1390 1781 1478 sunt·
1801 1395 1924 1504 prima
1958 1418 2071 1480 com·

784 1517 1145 1640 posita‘corporum
1182 1525 1395 1634 principia,
1430 1526 1469 1607 in
1504 1524 1770 1634 vegetantibus
1794 1543 1848 1606 -et
1899 1521 1942 1604 in
1990 1526 2070 1606 ani·

784 1659 975 1760 malibus,
1004 1675 1125 1737 enam
1166 1653 1318 1762 prorsus
1364 1653 1532 1754 eadem,
1582 1669 1663 1734 tam
1715 1653 1904 1753 materie,
1955 1674 2069 1758 quarn

784 1777 1048 1868 cohaenonel
1078 1786 1143 1862 An
1177 1781 1363 1864 diuersitas
1396 1778 1695 1886 incompositis
1745 1777 1956 1862 maioribus
1998 1781 2067 1862 de·

760 1984 765 1994 .
781 1913 925 2022 pendet
956 1925 978 1994 a
1012 1903 1323 2012 moleculnrum,
1359 1908 1457 1990 inter
1498 1906 1534 1988 se
1574 1899 1790 2011 similium,
1832 1903 2071 2018 appositione

783 2051 826 2122 ‘et
858 2039 1089 2125 adunatione
1121 2033 1224 2141 alia,
1261 2054 1303 2122 ut
1333 2035 1421 2120 inde
1451 2039 1555 2118 varia
1587 2052 1869 2144 componantur
1893 2033 2072 2144 vasetda,

767 2167 897 2275 uasa,
936 2189 977 2250 et
1009 2165 1274 2272 continentia,
1304 2187 1374 2271 per
1390 2187 1553 2274 quorum
1589 2160 1769 2246 diuersam
1788 2160 2065 2248 intorfionisfi·

780 2319 948 2404 garam,
983 2316 1094 2402 atque
1128 2293 1216 2377 inde
1243 2312 1376 2375 natam
1410 2293 1521 2376 alium
1556 2290 1793 2372 oscillationis
1828 2291 2068 2400 energiam,

764 2447 835 2505 ,ex
867 2445 947 2504 uno
977 2424 1201 2530 eodemque
1232 2420 1406 2528 sanguine
1439 2421 1479 2502 in
1513 2418 1703 2524 animali,
1736 2439 1786 2498 ex
1806 2443 1886 2501 vno
1905 2419 2070 2503 eodem·

781 2573 858 2657 que
891 2550 1007 2632 succo.
1034 2547 1164 2631 hauslo
1193 2547 1240 2630 de
1275 2545 1404 2631 tellure
1436 2550 1474 2630 in
1510 2550 1667 2657 planta,
1701 2545 1800 2626 adeo
1817 2547 2091 2655 discrepantes'

720 2727 723 2733 ,
762 2676 1022 2761 secernuntur
1059 2675 1277 2777 humores,
1321 2693 1436 2784 prout
1477 2675 1519 2758 hi
1562 2673 1639 2758 alio
1678 2673 1901 2756 diresiionis
1927 2675 2066 2783 angulo

782 2807 823 2888 in
862 2805 1017 2888 illorum
1069 2805 1227 2912 parietes
1271 2801 1437 2885 incidunt
1475 2821 1513 2886 et
1555 2801 1822 2919 ¹repelluntur,
1863 2819 1975 2912 atque
2014 2805 2063 2886 ita

781 2932 1039 3018 diuersrmode
1069 2934 1184 3015 mixti
1232 2928 1300 3011 alia
1338 2933 1477 3014 iterum
1517 2925 1666 3012 ¹ratione
1704 2926 1928 3036 separantur.
1999 2933 2063 3013 An

781 3081 823 3140 et
856 3061 942 3142 inde
974 3058 1107 3142 diuersi
1139 3055 1366 3140 charadieris
1397 3059 1438 3137 in
1475 3056 1643 3165 speciem
1685 3054 1920 3141 distinctio?
1959 3055 2063 3140 Haec

763 3185 941 3296 'quidem
962 3183 1114 3269 videtur
1131 3183 1438 3293 incomparabilis
1455 3183 1621 3272 Rnischii
1645 3182 1825 3266 'sententia
1846 3240 1856 3285 ‚
1884 3209 1972 3266 cum
1993 3209 2064 3294 per

781 3332 907 3396 totam
927 3316 1047 3397 vitam
1068 3379 1080 3419 ,
1102 3335 1267 3420 eramque
1294 3309 1516 3420 longaeuum
1537 3375 1548 3417 ,
1574 3309 1837 3394 attentillimus
1855 3331 1894 3392 et
1909 3311 2063 3394 dexter·

667 3505 677 3516 .
780 3441 906 3523 rimus
927 3441 965 3522 in
993 3439 1225 3526 extricandis
1240 3443 1414 3545 corporis
1440 3439 1597 3522 humani
1620 3437 1871 3544 labyrinthis,
1905 3441 2063 3522 tandem

781 3567 1080 3675 deprehenderat
1098 3595 1118 3674 3⁴
1163 3567 1266 3677 quod
1299 3566 1339 3646 in
1373 3568 1484 3648 omni
1516 3568 1686 3648 eiusdem
1723 3585 1855 3676 parte,
1897 3591 1967 3674 per
2005 3591 2061 3648 ar-

781 3714 864 3782 tem
898 3695 999 3779 suam
1035 3693 1210 3779 dissoluta
1241 3713 1280 3775 et
1311 3693 1468 3776 visibilia
1501 3691 1600 3776 fatu
1633 3694 1713 3776 vasa
1747 3695 1944 3800 minima,
1990 3695 2065 3778 alio

768 3812 933 3908 decursu
978 3828 1225 3929 procederent
1259 3821 1400 3930 aliaque
1435 3823 1638 3932 intorsione
1674 3823 1933 3930 aperirentur.-

895 3945 1118 4033 Similitndo
1149 3966 1292 4034 attente
1327 3969 1483 4055 trontta,
1516 3949 1590 4032 stne
1619 3967 1746 4031 ortum
1794 3948 2064 4058 respiciamus,

769 4078 1092 4179 incrementum,
1124 4076 1433 4182 nutrimentum,
1465 4095 1527 4158 aut
1553 4077 1779 4160 nutritorum
1815 4074 2067 4160 secretionem-

638 4267 643 4278 .
777 4221 819 4290 et
850 4203 1171 4308 exhalationem,
1206 4206 1304 4284 inter
1335 4204 1545 4284 animantia
1578 4220 1617 4284 et
1639 4205 1884 4311 vegetanda,
1915 4209 1972 4286 uti
1990 4229 2069 4288 ex·-

670 4338 674 4347 ’
777 4329 901 4438 posita
941 4334 1134 4432 elucidat,
1181 4333 1230 4413 ita
1270 4332 1444 4438 inprimis
1470 4332 1617 4438 „eadem
1664 4331 1830 4414 affinitat
1872 4333 1984 4415 unius
2021 4336 2072 4414 in

777 4457 928 4550 alterius
966 4485 1104 4572 corpus
1145 4455 1522 4568 metempsychosin,
1574 4483 1621 4545 ne
1671 4458 1826 4568 quidem
1867 4459 1982 4566 plane
2014 4464 2057 4540 in

1866 4585 2055 4670 elementa
