4484 5934
714 577 907 700 usai(

166 855 232 925 tate
250 838 453 948 reliquum,
471 835 658 923 delineata
677 836 915 948 cssepotuiri
929 839 1461 949 Adenqare,dummodohaec

163 965 303 1076 effigies
320 967 582 1054 Mufimonem
604 989 801 1073 ueterum,
831 987 913 1076 ant,
946 970 1050 1079 quod
1082 970 1291 1074 idumeis,
1332 970 1462 1078 Ophi·

162 1121 205 1178 on
247 1094 355 1179 Plinii
392 1095 613 1204 exprimat,
663 1095 913 1180 certifflmum
956 1097 1034 1199 est,
1074 1098 1330 1206 Rupicapram
1371 1122 1464 1179 cor·

161 1223 263 1306 nibus
312 1223 476 1306 arietinis
523 1223 594 1305 eise
643 1222 908 1308 Mrrsrmoncm
987 1245 1176 1309 veterum.
1244 1225 1462 1333 Expimere

160 1371 288 1434 autem
320 1349 586 1434 Musrmonem
622 1379 714 1436 vero
746 1352 799 1434 est
847 1354 1058 1436 admodum
1110 1352 1261 1456 simile,
1308 1354 1462 1461 quando
1500 1347 1503 1352 ’
1568 1412 1575 1421 .

158 1479 308 1584 nitidem
345 1473 484 1566 Plinius
517 1483 676 1587 patriam
696 1479 925 1564 Musrmonis
953 1477 1165 1563 Sardiniam
1198 1482 1269 1558 esse
1301 1482 1463 1561 iudicat.

159 1597 336 1711 Gesurrur
368 1609 473 1687 enim
508 1631 529 1687 a
562 1603 682 1690 Sardo
712 1607 900 1719 quodam,
928 1609 1013 1688 uiro
1046 1632 1122 1690 nou
1143 1609 1351 1714 illiterato,
1394 1607 1463 1694 sabi

159 1731 387 1816 affirmatum
429 1733 535 1815 fuisie
575 1734 728 1843 scribit,
768 1731 979 1818 Sardiniam
1021 1735 1120 1818 aiere
1153 1736 1297 1818 animal
1336 1737 1460 1846 qraod·

156 1864 273 1963 dam,
304 1863 409 1970 quod
445 1849 658 1968 Muflunem
688 1863 804 1970 uulgo
822 1881 998 1969 vocent,
1030 1864 1132 1971 quod
1152 1856 1332 1972 nusquam
1367 1863 1456 1944 aiibi
1587 1946 1590 1951 .

158 1992 190 2072 in
215 1987 381 2096 Europa
415 1989 651 2096 reperiatur,
695 1989 798 2096 pelle
831 2007 871 2067 et
904 1989 990 2094 pilia
1021 2015 1135 2072 ccruo
1174 1990 1328 2092 simile,
1371 2015 1462 2075 eor-

156 2115 254 2197 nibus
296 2115 456 2216 Arieti,
491 2135 572 2194 non
602 2115 760 2220 longis,
793 2114 854 2194 sed
884 2133 987 2198 tetro
1019 2117 1116 2198 circa
1150 2141 1257 2197 aures
1282 2109 1461 2220 reflexis,

155 2242 411 2350 magnitudine
454 2241 659 2326 mediocris
698 2243 834 2344 cerui,
868 2237 995 2324 herbis
1045 2261 1189 2324 tantum
1224 2243 1384 2350 vinens,
1417 2245 1462 2328 in

153 2371 350 2454 montibus
381 2367 625 2477 asperioribus
662 2369 829 2476 degens,
862 2367 964 2451 cursu
1006 2369 1261 2453 velocissimo.
1349 2373 1459 2487 Quid

151 2498 361 2582 distinctius
391 2495 469 2582 dici
502 2497 655 2606 potest,
691 2495 720 2578 fi
752 2495 833 2605 quis
870 2497 1038 2580 animalis
1073 2498 1376 2606 descriptionem
1399 2502 1462 2580 in·

151 2644 213 2707 ter
247 2625 444 2710 familiares
460 2624 632 2708 discursus·
662 2621 774 2708 sariri
807 2623 923 2706 Adeo
953 2649 1086 2708 verum
1119 2625 1198 2731 est,
1228 2627 1327 2734 quod
1361 2624 1458 2713 Ges·

149 2778 267 2838 neuter
297 2773 335 2836 et
359 2755 510 2860 Ruina,
542 2779 565 2834 e
597 2753 702 2836 cuius
735 2750 896 2860 Synopsr
926 2753 1223 2868 Quadrupedum
1259 2754 1326 2835 ista
1356 2747 1458 2837 Ges·

148 2883 302 2964 aetiana
334 2882 467 2986 hansa,
518 2882 634 2964 nobili
667 2882 709 2962 in
749 2901 956 2964 creatorem
992 2905 1116 2964 rerum
1153 2905 1283 2963 amore
1324 2904 1458 2966 contra

152 3001 338 3116 Plinium,
370 3013 436 3118 qui
456 3008 515 3094 'L.
569 3005 771 3093 XXVIII.
809 3009 862 3094 C.
892 3008 969 3094 lx.
1006 3007 1170 3118 Ophion
1203 3009 1378 3093 interiisse
1397 3036 1459 3093 ar·
1547 3042 1549 3046 ’

148 3139 322 3244 bircatur,
353 3149 666 3247 propugnarunt,
708 3157 879 3218 naturam
913 3163 1038 3220 rerum
1081 3163 1217 3246 genera
1249 3158 1289 3218 et
1321 3143 1459 3249 species

147 3289 280 3348 omnes
312 3267 540 3348 animalium
573 3264 700 3347 sedulo
738 3261 887 3372 semper
925 3262 1158 3346 conseruare.
1189 3265 1458 3377 Tragalaphur

146 3391 300 3480 Bassaris
333 3393 498 3476 multum
538 3418 559 3473 a
608 3392 826 3474 Musrmone
887 3393 1047 3492 differt,
1098 3417 1178 3473 non
1215 3416 1463 3500 perparum,

148 3523 199 3602 vri
229 3515 420 3632 Gesnerus
452 3542 503 3600 ex
534 3511 661 3626 effigie
694 3537 838 3598 tantum
875 3515 934 3599 sua
986 3516 1125 3602 dostus
1166 3519 1303 3622 sentit,
1351 3521 1456 3628 quod

143 3647 414 3759 descriptiones
451 3643 605 3730 &isonti
636 3665 674 3726 er
710 3666 838 3726 meam
889 3641 1101 3728 tutamenti
1145 3645 1286 3753 patebit
1353 3644 1457 3730 Cum

139 3775 341 3863 Mufimou
375 3777 416 3858 in
455 3773 638 3857 montosis
677 3768 846 3854 Srhilcae
878 3772 1012 3878 dutrii,
1058 3777 1096 3856 in
1131 3774 1266 3882 primis
1299 3777 1338 3856 in
1372 3777 1463 3882 iugo

141 3909 380 4009 montium,
413 3901 601 3989 Staaowni
634 3895 798 3984 Chreuet
829 3901 968 4001 disto,
999 3921 1038 3983 et
1069 3905 1106 3984 in
1128 3901 1314 3983 montosis
1349 3900 1461 4010 supe-

136 4036 249 4117 rioris
290 4029 442 4116 Ononis
472 4030 516 4116 fl.
562 4029 755 4137 regionis,
787 4029 905 4110 etiam
941 4025 1132 4130 versetur,
1164 4031 1296 4139 quibus
1325 4032 1363 4110 in
1399 4030 1464 4111 lo·

138 4164 188 4244 ris
224 4183 314 4243 tam
349 4185 370 4241 a
421 4156 568 4256 Ruffis,
624 4181 738 4266 quam
771 4179 793 4234 a
831 4155 1030 4255 Mongolis
1077 4178 1117 4238 et
1158 4152 1342 4264 Tungufis
1381 4157 1462 4238 Ar·

135 4288 209 4395 gaii
251 4293 416 4370 nomine
458 4285 658 4392 salrrtatur,
709 4277 773 4370 Cl.
819 4271 1130 4393 Meffiruhmidio
1174 4285 1272 4366 iilius
1311 4285 1461 4366 ridendi
1510 4323 1512 4327 ·

134 4415 257 4524 copia
310 4413 406 4497 fasta
457 4410 542 4516 est,
592 4412 790 4521 deditquew
815 4411 887 4494 Vir
932 4407 993 4494 Cn
1035 4432 1106 4492 tres
1158 4411 1237 4492 eius
1285 4409 1465 4518 effigies,
1591 4483 1594 4492 .

130 4541 217 4634 seu's
249 4543 394 4668 rudes,
422 4564 579 4653 quarum
610 4563 683 4624 rna
716 4539 921 4640 masculum
955 4566 976 4624 a
1011 4538 1160 4648 latere,
1211 4541 1327 4623 altera
1363 4565 1461 4621 eun-

1370 4668 1465 4751 dem
