4484 5934
712 542 852 628 1090
1019 439 1683 610 martulana

2188 757 2189 814 l

686 767 698 776 '
757 773 871 863 erat,
920 769 967 844 ‚vt
999 754 1214 867 plurimum
1249 751 1472 860 ruffescens5
1523 753 1615 837 hinc
1660 750 1748 874 inde
1799 746 2039 838 cinerascent.

700 955 703 961 .
758 881 920 968 Vellem
953 889 1136 968 nimirum
1166 885 1346 967 aestiuam
1379 885 1540 965 demum
1572 866 1722 984 muta'ce
1750 881 1908 991 incepit.
1939 882 2043 966 Alias

757 1012 872 1096 color
901 1013 971 1121 ipsa
1001 1039 1092 1096 cum
1127 1011 1295 1096 masculo
1326 1010 1549 1093 communis
1579 1007 1646 1116 et.
1688 988 1692 1011 ⁴

914 1134 1027 1222 Circa
1056 1137 1509 1246 Vll-Kameno-gorenle
1535 1130 1758 1220 fortalitium
1776 1137 1813 1218 in
1827 1131 2042 1240 Sibiria,et

759 1282 918 1352 montes
934 1327 948 1370 ‚
964 1273 1028 1374 qui
1043 1267 1126 1348 eius
1148 1265 1227 1348 loci
1245 1265 1444 1350 montibus
1458 1265 1627 1346 connexi
1639 1265 1726 1348 sunt
1742 1330 1755 1370 ,
1773 1261 1895 1374 magis
1912 1281 2042 1346 tamen

759 1415 858 1500 cos,
884 1395 947 1503 qui
965 1395 1015 1476 ad
1035 1382 1291 1507 Chalmuccos
1308 1411 1467 1500 pergunt
1489 1453 1504 1497 ,
1535 1395 1752 1497 veriuntur,
1770 1391 1966 1474 montium
1985 1389 2042 1471 in-

763 1523 899 1630 primis
912 1520 961 1602 ad
979 1518 1213 1604 Bucbturma
1231 1521 1273 1602 fl.
1293 1517 1453 1602 litorum
1471 1515 1758 1636 amantiffimae.
1785 1517 2043 1632 Quadraginta

761 1648 884 1732 leucas
900 1648 995 1730 infra
1012 1646 1109 1731 Vst-
1123 1645 1478 1751 Kameno-gorense'
1495 1643 1723 1727 fortalitium
1746 1647 1785 1724 in
1802 1649 1932 1727 littore
1959 1641 2044 1730 lctis

761 1772 943 1858 orientali
967 1839 977 1880 ,
1010 1775 1113 1882 quod
1145 1773 1305 1858 Krasnoi
1321 1817 1343 1832 ·
1360 1769 1424 1854 lar
1440 1791 1614 1880 uocant,
1647 1793 1746 1856 terra
1766 1771 1846 1854 salsa
1862 1771 1951 1882 est3
1985 1769 2044 1856 tu

603 1920 610 1936 ⁸
749 1894 970 2010 -laepiffime
1002 1917 1045 1983 et
1081 1901 1255 1984 lubenter
1303 1899 1497 2008 migrant,
1531 1885 1622 1980 dalis
1672 1898 1865 1992 lambendi
1915 1899 2046 1981 cautla.

761 2022 879 2110 Cursu
910 2026 991 2112 sunt
1031 2026 1284 2112 velociffimo.
1335 2023 1472 2111 vietus-
1500 2047 1521 2104 e
1548 2027 1790 2138 graminibus.
1845 2023 2047 2110 Autumno

749 2175 930 2258 coeunt,
980 2181 1071 2240 aere
1103 2157 1296 2265 pariunt,
1345 2150 1496 2237 foetum
1543 2177 1700 2262 vnum,
1751 2155 1977 2266 quandoque
2008 2169 2046 2236 et

761 2281 978 2392 gemellos,
1008 2283 1163 2366 edentes

706 2500 710 2508 ,
862 2469 871 2486 .
910 2409 1007 2494 Erat
1035 2435 1085 2491 eo
1114 2427 1326 2518 tempore,
1359 2434 1448 2493 cum
1479 2407 1718 2492 infortalitio
1746 2409 2043 2496 Vll-*Kamara

758 2536 908 2648 gotenfi
938 2533 1128 2642 uerltrer,
1163 2520 1347 2622 masculus
1377 2537 1521 2620 ibidem
1556 2535 1716 2652 bimulus
1744 2539 1851 2622 huius
1875 2543 2048 2648 animan·
2190 2577 2191 2646 l

738 2668 861 2750 'titum
894 2668 1072 2774 generis,
1103 2663 1169 2775 qui
1203 2665 1344 2748 morbo
1367 2664 1441 2748 ,diu
1480 2665 1748 2774 conflidiatus,
1796 2669 1921 2751 vitam
1953 2659 2087 2750 ‘mi·.
2190 2703 2191 2714 a

653 2825 659 2833 ·
760 2789 959 2874 serrimam
993 2792 1082 2897 egit.
1142 2793 1265 2882 ‚Hunc
1297 2818 1327 2874 a·
1353 2789 1708 2901 Locumtenente‚
1755 2797 1820 2904 qui
1868 2792 2047 2878 fortalitio

765 2917 948 3028 praeest,
977 2917 1262 3000 adfectionem
1298 2921 1394 3026 petii
1433 2935 1474 3000 et
1513 2921 1677 3008 obtinui.
1710 2921 1858 3005 Parum
1889 2921 2046 3032 quidem

765 3069 835 3130 me
866 3044 931 3127 ilia
962 3042 1129 3126 sectione
1178 3041 1377 3153 prosecille
1427 3044 1617 3153 profiteor
1653 3107 1668 3154 ,
1725 3053 1807 3158 quia
1861 3053 2048 3160 temporis

765 3173 906 3284 ratio,
953 3194 1072 3279 quam
1124 3171 1366 3280 propositum
1419 3173 1536 3256 nobis·
1575 3163 1650 3256 iter
1699 3173 1840 3258 habere
1876 3178 2048 3280 iubebat,

764 3297 929 3402 effecit,
961 3315 1006 3380 st
1037 3297 1252 3382 festinanter
1270 3299 1481 3384 admodum
1509 3300 1760 3384 administrari
1780 3306 1964 3388 debuerit.
1994 3301 2053 3386 Vt
2191 3327 2192 3360 ³

697 3425 703 3436 '
765 3427 817 3510 de
849 3426 931 3508 uita
964 3425 1140 3510 animalis
1172 3425 1293 3510 adhuc
1326 3425 1591 3537 proficerem,
1642 3431 1680 3511 in
1714 3455 1854 3514 uenam
1906 3431 2053 3540 iugula·
2191 3415 2192 3494 l

768 3577 852 3635 rem
885 3573 1086 3636 externam
1119 3554 1290 3663 amplam
1323 3553 1548 3639 incisionem
1582 3553 1682 3661 feci,
1714 3575 1825 3667 atque
1857 3559 1897 3654 in
1930 3557 2051 3668 ipsam

767 3679 1118 3762 Thermornetmm
1152 3680 1295 3764 immisi
1314 3747 1326 3787 ‚
1345 3669 1476 3791 inquo
1494 3681 1657 3766 satisdiu
1682 3683 1730 3765 ibi
1749 3705 1901 3770 retento
1918 3751 1931 3791 ,
1948 3709 2054 3767 met-

768 3808 891 3890 curius
909 3809 955 3889 ad
978 3821 1033 3892 80
1055 3807 1213 3916 gradum
1232 3809 1364 3894 caloris
1381 3811 1547 3894 Therm.
1576 3807 1774 3894 Delisliani
1793 3797 1955 3896 eleuatus
1970 3812 2054 3898 fuit.

683 3933 705 4034 f
875 3979 882 3988 ·
917 3932 965 4020 ln
995 3935 1243 4044 descriptione
1274 3958 1517 4040 externarum
1531 3928 1704 4045 'partium
1726 3939 1821 4024 nihil
1838 3939 1924 4044 est,
1951 3939 2057 4047 quod

770 4089 934 4170 moret,
965 4088 1057 4146 cum
1092 4066 1170 4145 iam
1205 4063 1419 4174 descripto,
1453 4065 1521 4148 nist
1553 4069 1771 4174 paruitate,
1812 4069 1849 4150 in
1878 4069 2062 4150 omnibus

722 4224 737 4258 r
770 4191 1012 4304 respondeat.
1044 4188 1232 4273 Dillantia
1253 4195 1350 4274 inter
1367 4217 1510 4300 penem
1525 4211 1564 4274 et
1581 4193 1770 4276 testiculos
1787 4215 1813 4289 7
1842 4195 1938 4305 poll.
1955 4213 2055 4276 erat.

923 4317 1163 4402 Ventriculus
1193 4339 1316 4407 totam
1350 4319 1428 4403 fere
1477 4323 1680 4407 cauitatem
1732 4323 1950 4406 abdominis
1983 4345 2061 4403 oc·

769 4467 898 4558 cupat.
964 4447 1003 4534 E
1038 4469 1202 4556 quatuor
1253 4471 1349 4532 uero
1398 4448 1540 4534 constat
1592 4447 1838 4559 senodalis,
1888 4469 2061 4562 qaromm

1920 4599 2062 4664 maxa·
