4484 5934
1258 535 1453 646 naar
1607 678 1609 682 ψ

696 793 950 908 exprimere·
1016 789 1129 878 llaec
1160 790 1227 874 rel
1258 809 1481 876 commenta
1520 789 1636 896 sunt,
1674 785 1739 872 rel
1780 783 2029 873 relationibus

707 925 831 1012 dubiis
863 920 1111 1020 adscribenda.
1180 917 1228 1002 In
1257 917 1394 1006 Sibina
1427 943 1547 1011 nemo
1568 918 1666 1026 est,
1693 917 1758 1028 qui
1776 915 1868 1001 talia
1892 915 1928 1000 se
1957 915 2025 1000 oia
2095 1009 2100 1020 ‚

708 1049 867 1150 seruasse
899 1051 1012 1140 dicat.
1067 1047 1233 1149 Restat,
1263 1069 1310 1132 rt
1341 1051 1525 1160 quaedam
1557 1047 1607 1133 de
1631 1042 1811 1131 iconibus
1858 1045 2058 1129 animalis*

711 1179 950 1287 moschiseti,
982 1177 1082 1290 apud
1101 1176 1306 1282 rudiores,
1337 1177 1401 1286 qui
1418 1176 1468 1261 de
1484 1176 1557 1261 illo
1587 1191 1769 1286 egerunt,
1782 1173 2031 1281 exstantibus,

711 1331 960 1404 moneamus.
1023 1302 1221 1395 Gmelt‘nas¹
1245 1306 1283 1389 in
1313 1305 1427 1388 icone
1458 1302 1697 1392 labrandiana
1732 1303 1898 1388 nimiam
1939 1329 2034 1408 ven·

715 1441 765 1529 tri
795 1434 1128 1548 prominentiam,
1159 1450 1201 1517 et
1235 1433 1342 1545 quod
1370 1433 1446 1519 stne
1464 1434 1553 1543 pilio
1569 1429 1883 1546 repraesentetur,
1917 1451 2037 1517 taxat.

706 1566 754 1668 ,Ε
770 1567 962 1656 contrario
992 1567 1078 1648 icon
1109 1563 1338 1650 Tauemerit'
1353 1586 1490 1673 corpus
1506 1563 1681 1650 animalis
1696 1563 1811 1646 nimia
1830 1561 2039 1666 villosum,

706 1694 837 1808 ,pedes
874 1692 992 1788 nimis
1032 1691 1156 1784 nudos
1195 1691 1317 1797 finit,
1364 1691 1526 1777 carrdam
1566 1692 1728 1781 animali
1767 1687 1927 1798 tribuit,
1965 1711 2041 1802 qur

716 1840 855 1928 caret,
910 1818 1126 1914 folliculum
1176 1821 1292 1905 eriam
1340 1819 1436 1908 insto
1482 1820 1726 1931 grandiorem
1776 1818 2041 1929 repraesentat.

719 1947 974 2042 Reuaudotius
997 1949 1045 2038 ,in
1079 1944 1389 2045 annotationibus
1426 1945 1474 2035 ad
1505 1949 1659 2059 antiqua
1690 1943 1869 2033 deludis
1908 1967 1948 2030 et
1961 1943 2044 2055 ‹Si-

722 2079 783 2164 nis
815 2075 1007 2166 itineraria
1039 2073 1205 2180 Arabica
1233 2099 1278 2192 p·
1318 2089 1421 2173 217.
1454 2075 1702 2182 reprehendit
1717 2075 1989 2166 Taueraetium
2005 2094 2046 2158 et

721 2202 1012 2310 Theneuon'ntn,
1051 2201 1215 2294 eandem
1255 2201 1410 2296 iconem
1445 2202 1724 2314 tentantem,
1755 2207 1862 2316 qnod
1898 2199 2048 2298 animal

709 2357 803 2428 mon
834 2347 1065 2438 cornutum,
1097 2347 1138 2422 et
1167 2329 1315 2425 denter.
1330 2331 1502 2425 exsertos
1526 2356 1608 2422 non
1638 2320 1779 2424 sursum
1812 2339 2048 2437 incuruatos,

711 2459 985 2574 depinxerint.
1042 2455 1130 2550 ,Sed
1164 2482 1279 2580 quarn
1306 2457 1388 2554 hoc
1423 2458 1559 2553 ,frustra
1606 2459 1769 2570 fecerit,
1817 2487 1869 2556 ex
1916 2455 2051 2556 descri-
2125 2513 2130 2522 ·

725 2591 866 2702 prinae
899 2583 1142 2710 Genialem
1171 2604 1215 2680 et
1246 2610 1300 2680 ex
1337 2585 1555 2709 ‚supradillis
1592 2591 1767 2712 adparet.
1831 2593 1885 2686 ln
1927 2587 2055 2676 iconi·

716 2719 797 2820 .bua¹
824 2719 848 2802 d
879 2713 1066 2826 Neuhofio
1096 2733 1137 2806 et
1164 2713 1356 2810 Kirehero
1386 2717 1633 2827 suppeditatis
1664 2718 1823 2806 rollnrm
1841 2721 2053 2829 porc-inum

565 2835 570 2846 ⁵
717 2862 773 2944 ⁸et
814 2845 928 2958 pedes
975 2843 1128 2955 digitari
1159 2842 1358 2930 censuram
1375 2832 1586 2939 merentur.
1651 2845 1829 2932 Martini
1866 2843 2054 2931 Martinii

723 2975 824 3062 ‚icon
865 2975 906 3058 in
940 2967 1025 3056 Arl.
1058 2968 1155 3056 siu·
1171 2973 1216 3057 's
1216 2975 1278 3060 ab.
1310 2973 1432 3065 Xenfi
1475 2993 1607 3066 totum
1657 2972 1829 3064 habitum
1879 2974 2058 3083 corporis

734 3102 915 3190 animalis
946 3099 1181 3205 difformut,
1230 3105 1325 3196 dnm
1359 3103 1557 3213 gibbosum
1591 3101 1716 3205 saliit,
1763 3123 1804 3186 et
1836 3105 1964 3212 capite
2010 3099 2058 3184 ad

732 3249 876 3318 terram
907 3228 1067 3339 segniter
1084 3229 1298 3337 inclinatu,
1326 3232 1430 3345 quod
1459 3231 1625 3340 capreoli
1657 3231 1788 3336 instar,
1819 3231 1950 3314 habitu
1974 3252 2058 3311 cor·

734 3357 845 3472 poris
876 3356 1044 3467 agilitate
1075 3353 1286 3466 conspicui,
1321 3358 1427 3467 pingi
1445 3356 1637 3447 debuisset.
1701 3357 1854 3468 Segert',
1889 3355 1957 3441 uel
1979 3368 2061 3464 po-

701 3487 812 3576 tius
840 3483 1143 3594 Breyrrii,icon
1177 3485 1216 3566 in
1247 3481 1354 3596 epu.
1390 3481 1448 3576 N·
1482 3479 1533 3574 C·
1564 3507 1604 3574 a.
1642 3488 1884 3587 1675ineo
1914 3501 2062 3596 peccat,
2120 3475 2128 3490 ”

739 3615 842 3726 quod
870 3628 984 3723 caput
1016 3611 1064 3696 ad
1098 3611 1214 3695 instar
1244 3612 1327 3720 lupi
1352 3609 1523 3701 famelici
1560 3615 1720 3720 praedae
1752 3612 1928 3698 inhiantis
1952 3609 2064 3694 effiu·

740 3744 813 3853 gin
880 3738 979 3824 Icon
1011 3736 1223 3826 Schrorclu't‘
1252 3739 1294 3822 in
1327 3736 1481 3826 historia
1515 3737 1699 3849 Moschi,
1732 3767 1823 3833 ¹cum
1841 3769 1914 3854 qua
1947 3731 2065 3824 etiam

739 3867 804 3958 illa
835 3865 1032 3956 Valentini
1062 3869 1101 3950 in
1148 3867 1284 3953 Museo
1317 3865 1416 3953 Mus.
1471 3873 1708 3969 concordat,
1759 3873 1903 3963 collum
1952 3869 2070 3952 nimis

743 3996 970 4112 protensum
1004 4011 1044 4078 et
1083 3997 1202 4105 pedes
1240 3993 1411 4106 respectu
1443 4000 1621 4110 corporis
1652 4000 1764 4093 iusto·
1782 4002 1973 4116 longiores
2020 3995 2070 4078 sr-

744 4129 806 4216 stit
824 4122 1075 4237 ,smanisesto
1105 4125 1281 4232 iudici0,
1314 4125 1417 4235 qnod
1450 4144 1543 4209 eta
1582 4125 1805 4222 Schroeclrr'o
1838 4153 1917 4214 non
1952 4147 2073 4231 nega·

745 4277 842 4364 tur,
875 4253 1037 4366 figuram
1070 4252 1119 4339 ad
1152 4254 1306 4368 exuuias
1335 4253 1512 4337 iusardias
1548 4256 1815 4368 adumbratam
1849 4257 1935 4340 csse.
1969 4251 2076 4372 Quid

736 4387 840 4474 hinc
871 4385 964 4468 oriri
997 4383 1123 4493 potest
1157 4381 1291 4488 aliud,
1320 4407 1435 4494 quam
1467 4399 1514 4466 vt
1550 4386 1669 4469 etiam
1710 4386 1976 4498 descriptiones
2024 4381 2091 4496 ad.

739 4512 843 4614 ,rules
872 4511 1011 4624 figuras
1042 4507 1268 4600 efformatae
1299 4531 1493 4627 peccent,
1538 4513 1635 4604 iuter
1673 4540 1765 4630 quas
1814 4538 1933 4604 ruam
1985 4507 2075 4592 Cel.

1933 4633 2079 4730 Kleinir‘
