4484 5934
782 512 967 642 ltalt·

197 775 464 870 machinarum
494 802 633 890 genere
664 779 847 868 adhiberi.
880 781 958 895 Qui
992 775 1080 864 hiuc
1116 775 1243 862 aulam
1297 774 1499 860 sumserunt

198 907 408 990 Theotiatn
439 912 651 1020 arguendi,
680 909 783 1020 quod
818 913 929 1017 saepe
960 909 1073 1022 praxi
1105 903 1343 1010 aductletut,
1363 903 1495 986 statum
1566 983 1569 988 .

198 1033 418 1144 quaestionis
436 1029 647 1142 'perperam
679 1037 973 1138 intellexeruut,
1006 1059 1093 1120 curn
1129 1033 1286 1140 angulus
1319 1031 1381 1111 ille
1401 1019 1491 1133 54⁰.

198 1160 277 1262 45'
309 1184 377 1267 pet
410 1158 621 1244 Theoriam
654 1161 837 1244 iuuentus·
871 1164 985 1269 praxi
1036 1161 1167 1272 vtique
1217 1159 1416 1264 iulctuiat,
1467 1155 1492 1242 st

200 1287 321 1372 modo
352 1285 651 1386 circumstantiae
682 1313 772 1370 cnm
805 1289 870 1390 iis,
902 1311 999 1397 quae
1031 1291 1070 1371 iu
1102 1287 1274 1371 Theoria
1302 1284 1385 1366 suut
1416 1309 1493 1393 pu·

199 1413 313 1518 fitae,
345 1417 609 1525 conueniant3
657 1415 737 1524 quis
776 1436 904 1496 autem
953 1415 1172 1500 consensum
1225 1409 1416 1523 postulet,
1469 1409 1495 1493 st

198 1544 237 1624 iu
271 1539 440 1623 Theoria
470 1541 519 1625 ad
550 1543 640 1626 alias
670 1541 937 1651 conditiones,
967 1565 1080 1656 atque
1118 1544 1160 1625 iu
1191 1542 1333 1656 praxi,
1378 1539 1494 1654 tespi-

199 1662 371 1752 ciamtui

353 1917 400 2006 lu
429 1917 501 2008 hac
533 1920 788 2008 dissertatione
817 1919 903 2006 Cel.
936 1921 1097 2008 Eulems
1129 1923 1336 2008 luculenter
1368 1920 1497 2004 ullen-

200 2045 284 2146 tlit,
316 2045 344 2130 fi
375 2048 454 2132 alac
487 2049 526 2130 in
559 2068 673 2132 motu
705 2047 924 2154 versentur,
968 2050 1157 2132 maiorem
1199 2050 1381 2156 angulum
1435 2055 1494 2130 iu·

199 2173 409 2256 clinationis
441 2174 545 2258 liatui
577 2195 784 2284 oportere,
820 2193 862 2255 ut
891 2199 913 2255 a
946 2195 1065 2255 uento
1098 2175 1272 2258 maxima
1305 2176 1366 2256 vis
1391 2178 1497 2256 cxci·

202 2301 358 2408 piatur,
389 2317 499 2408 atque
531 2305 628 2386 adeo
659 2325 736 2408 pro
767 2301 902 2409 quouis
930 2300 1132 2384 celeritatis
1165 2301 1278 2405 gradu
1310 2303 1405 2383 circa
1424 2326 1498 2384 ex·

203 2427 412 2508 tremitatea
446 2427 585 2510 alatum
610 2427 898 2513 inclinationem
923 2428 1042 2536 magia
1068 2427 1114 2510 ad
1140 2427 1319 2534 angulum
1344 2429 1493 2512 utrum

202 2553 379 2634 accedere
409 2553 579 2660 debere,
627 2579 741 2666 quarn
774 2557 871 2638 circa
902 2577 1032 2635 axem.
1115 2553 1233 2663 Qu0d
1262 2578 1353 2669 cum
1382 2557 1494 2637 ctiam

201 2679 249 2763 ab
285 2679 366 2760 aliis
397 2678 440 2762 fit
471 2679 741 2786 obseruatum,
769 2679 922 2766 Auliou
953 2677 1018 2762 hic
1054 2701 1220 2782 mouet,
1251 2670 1386 2798 ue‘lrac
1403 2685 1495 2791 qui·

199 2805 287 2888 dem
322 2803 556 2890 correctione
590 2807 791 2914 adhibita,
819 2805 1030 2890 Theoti-tm
1063 2805 1231 2916 perstem
1263 2829 1351 2889 cum
1378 2804 1493 2916 praxi

199 2934 400 3018 conciliati:
437 2931 579 3042 Neque
607 2938 747 3041 enirn,
777 2933 867 3018 dutn
901 2934 1116 3016 maximum
1151 2931 1334 3015 effecum
1364 2933 1491 3016 inteu-

198 3059 353 3160 dimm,
386 3062 423 3144 id
458 3059 722 3168 postulamus,
756 3080 797 3142 ut
827 3057 968 3168 quouis.
993 3078 1199 3142 momento
1231 3059 1290 3142 uis
1320 3055 1394 3148 alas
1417 3063 1490 3143 cir·
1555 3077 1561 3088 ·

199 3208 396 3295 cuurtgcus
424 3187 465 3268 fit
499 3189 701 3294 m:txima;
735 3187 796 3272 sed
829 3185 939 3270 fimul
970 3186 1019 3267 ad
1049 3185 1315 3284 celeritatem,
1345 3212 1418 3296 qua
1444 3211 1490 3270 ea

200 3315 255 3396 nia
281 3315 388 3420 agit,
419 3314 473 3398 est
504 3312 803 3420 respiciendum:
855 3334 1055 3418 propterea
1085 3313 1183 3418 quod
1215 3309 1299 3391 ficti
1328 3313 1487 3420 potest,

205 3459 245 3519 vt
276 3439 408 3520 minor
441 3439 499 3520 vis
529 3439 684 3520 celerius
714 3461 830 3550 agent
857 3441 1047 3518 maiorem
1075 3435 1255 3519 effccluut
1288 3437 1493 3547 producat,

204 3589 318 3672 quam
354 3564 410 3645 via
444 3565 568 3646 maior
599 3563 734 3648 tardius
763 3589 888 3674 agens.
952 3557 1055 3644 Cum
1089 3563 1198 3668 igitur
1228 3565 1397 3672 quaestto
1414 3590 1492 3647 non

201 3691 245 3774 ad
277 3694 521 3799 quantitatem
556 3690 613 3772 uis
645 3691 908 3800 impellentis,
950 3687 1011 3770 led
1043 3690 1172 3798 potius
1209 3690 1257 3771 ad
1307 3693 1493 3796 quantita·

202 3832 280 3898 tem
315 3813 470 3897 effectus
501 3816 544 3898 fit
581 3821 790 3902 reuocanda
827 3883 839 3924 ,
886 3813 995 3897 huius
1041 3811 1251 3897 mensuram
1303 3839 1389 3898 ante
1419 3823 1491 3905 rite

204 3941 351 4026 stabiliri
384 3959 569 4050 oportet,
602 3969 715 4053 quarn
753 3941 934 4026 enodatio
965 3939 1189 4050 quaestionis
1220 3939 1346 4050 suscipi
1364 3964 1488 4052 queat.

204 4067 392 4150 Omnium
424 4089 551 4150 autem
596 4071 855 4154 machinarum
903 4065 1057 4150 crenus
1102 4085 1278 4176 tanquam
1327 4071 1492 4153 eleuatio
1552 4069 1555 4072 ’

207 4193 385 4302 ponderis
403 4196 602 4280 cuiusdam
636 4195 791 4306 speciari
832 4195 987 4306 potest,
1039 4211 1079 4274 et
1128 4197 1213 4303 quia
1242 4195 1394 4278 effectus
1439 4219 1492 4279 eo

203 4323 328 4406 maior
352 4319 589 4433 aestimatur,
620 4349 701 4438 quo
718 4325 868 4409 celerius
885 4325 986 4405 idem
1003 4319 1153 4434 pondus
1169 4384 1181 4430 ,
1200 4321 1266 4404 uel
1281 4345 1359 4431 quo
1375 4323 1495 4406 maius

831 4449 860 4543 b
1340 4452 1492 4561 pondu
