4484 5934
300 557 755 664 cotttottVM
790 504 1339 667 contratrum
1383 582 1474 676 ra,

189 808 433 920 mauritarum
466 808 754 894 immutationes
784 829 807 887 a
838 802 979 886 uiribus
1012 799 1312 913 perturbantibus
1352 806 1476 895 Met

188 936 229 1024 N
278 933 468 1044 prosedas
505 940 543 1019 in
573 936 753 1019 valorem
785 932 896 1039 ipsrus
927 943 946 1012 t
977 930 1134 1040 ingredi.
1200 928 1311 1039 Quae
1355 937 1474 1019 etiam

187 1061 287 1147 causa
318 1066 383 1169 ess,
416 1064 517 1173 quod
546 1062 750 1148 formulam
783 1057 1071 1142 differentialem
1100 1053 1176 1165 ¹pro
1194 1058 1244 1139 dt
1274 1062 1474 1143 inuentam

185 1209 263 1273 tam
296 1192 478 1301 expedite
508 1192 608 1274 licuit
641 1192 837 1297 integrare.
900 1186 1005 1300 Quin
1039 1184 1157 1266 etiam
1193 1186 1268 1269 stne
1307 1188 1474 1299 tespedu

184 1317 230 1401 ad
261 1318 479 1401 variationes
510 1319 719 1401 litterarum
750 1318 802 1425 b,
835 1314 861 1400 t
893 1333 934 1397 et
965 1338 986 1397 s
1017 1310 1182 1422 habito,
1216 1310 1323 1397 valor
1360 1316 1477 1424 ipsrus

51 1463 54 1498 ⁴
182 1443 342 1531 tstatrm
376 1470 429 1529 ex
457 1445 533 1556 ipsa
565 1445 616 1528 rei
649 1464 778 1529 natura
806 1441 892 1528 elici
923 1439 1133 1548 potuitset,
1166 1466 1256 1522 cum
1288 1440 1477 1529 sumtisb

181 1604 525 1694 etitconstantrbus
543 1607 620 1692 effe
637 1568 968 1717 debeattV{,r
991 1670 1047 1687 ..
992 1570 1190 1714 s
1107 1662 1135 1723 t
1105 1584 1313 1724 -ςξ-,Ῑῆ
1300 1602 1473 1692 :R
1516 1583 1526 1597 κ’

626 1856 1027 1977 eonorx2.
1172 1840 1177 1847 ·

213 2073 217 2081 ’
323 2077 395 2157 25.
427 2058 501 2142 Pro
517 2051 647 2162 quouis
676 2076 769 2161 ergo
799 2068 1077 2158 temporetam
1094 2050 1249 2161 orbita,
1279 2078 1394 2167 quam
1413 2053 1477 2143 lo·

176 2204 243 2267 tus
261 2183 436 2293 corporis
453 2185 492 2265 in
509 2205 554 2261 ea
578 2206 638 2267 ex
655 2178 829 2262 formulis
859 2175 1166 2265 differentialibus
1183 2242 1194 2283 ,
1217 2204 1312 2289 quae
1329 2186 1479 2268 valoret

180 2309 463 2398 elementorum
488 2309 584 2413 -db,
616 2307 701 2411 dit,
733 2307 764 2391 d
778 2333 807 2388 u
839 2321 879 2386 et
907 2309 969 2393 ds
998 2306 1217 2411 exhibent,
1257 2309 1371 2394 debet
1409 2312 1475 2393 de-

50 2501 52 2514 ,
181 2436 305 2545 finiri,
338 2440 527 2549 inquibus
561 2436 755 2542 formulis,
785 2428 853 2516 etsr
886 2435 1173 2545 variabilea,b,
1207 2433 1352 2523 kets
1393 2431 1494 2524 sunt'

180 2568 356 2652 maxime
373 2568 472 2649 inter
489 2564 526 2648 se
556 2564 806 2676 permixtae,
837 2581 966 2647 tamen
999 2564 1026 2650 n
1057 2564 1158 2647 vires
1176 2560 1223 2647 M
1258 2584 1297 2647 et
1329 2564 1370 2651 N
1407 2568 1479 2654 tint

180 2710 393 2815 admodum
412 2713 573 2821 exiguae
592 2736 682 2820 prae
707 2681 837 2814 rigf-
854 2732 942 2816 ,ac
972 2730 1135 2819 propter
1160 2732 1206 2791 ea
1237 2733 1364 2794 earum
1384 2714 1481 2798 effe·

180 2857 264 2921 ctus
298 2840 407 2925 valde
426 2844 563 2949 parui,
595 2838 704 2921 facile
728 2836 916 2920 eiusmodi
943 2834 1150 2919 methodus
1178 2840 1484 2945 approximandi

182 2970 426 3075 reperietur,
463 2968 565 3052 cuius
604 2988 680 3075 ope
711 2965 768 3048 ad
809 2966 970 3074 qnoduis
1011 2983 1168 3075 tempus
1205 2968 1488 3080 propositum,

182 3098 284 3202 quod
316 3097 439 3179 littera
470 3086 499 3205 ζ
528 3095 709 3176 indicatur
724 3156 740 3197 ,
773 3093 923 3176 ratores
953 3096 998 3201 b,
1031 3092 1083 3199 k,
1112 3114 1154 3177 et
1182 3120 1223 3199 s,
1257 3094 1428 3207 itemque
1447 3128 1479 3186 tt

182 3221 344 3305 inueniri
375 3243 509 3332 queant
538 3250 550 3331 3
582 3222 784 3332 praecipue
815 3220 841 3305 fi
867 3222 1135 3306 excentricitas
1167 3224 1189 3307 ir
1223 3221 1335 3307 fuerit
1368 3228 1483 3312 ualde

181 3374 313 3459 pama.
381 3350 622 3434 Pemenietur
653 3364 782 3433 antem
803 3348 959 3438 tandem
979 3345 1026 3435 ad
1046 3346 1266 3435 huiusmodi
1285 3355 1480 3468 aequatio·

179 3500 279 3561 nem.
306 3478 546 3589 integralem.
562 3561 574 3569 ,,
1066 3578 1070 3585 t

473 3607 519 3688 .’
624 3597 739 3719 Z:
771 3602 798 3692 S
833 3622 897 3702 -t-
934 3600 1065 3691 Const.
1472 3706 1477 3715 ‚

184 3735 225 3829 in
261 3760 359 3845 qua,
392 3735 419 3820 sr
451 3728 640 3842 constans,
672 3735 724 3818 ita
755 3736 985 3842 definiatur,
1018 3755 1064 3820 ut
1092 3732 1217 3844 posrto
1235 3762 1381 3847 s:0,
1412 3736 1482 3827 fiat

181 3852 302 3971 Z:
320 3886 376 3969 o,
416 3864 526 3948 valor
568 3864 678 3971 ipsrus
714 3856 744 3975 ζ
783 3865 961 3949 indicabit
999 3886 1179 3973 tempus,
1222 3892 1300 3979 quo
1341 3893 1482 3981 corpus

179 3992 386 4100 postquam
432 3994 480 4075 de
529 3991 652 4077 abfide
709 3994 789 4079 ima
818 4018 962 4102 tera,
1010 3997 1074 4080 ubi
1125 4014 1206 4076 erat
1264 4022 1374 4080 s:
1410 4021 1482 4104 0,

181 4120 412 4225 excesserit,
444 4121 492 4203 ad
523 4120 756 4207 anomaliam
797 4145 931 4205 ueram
962 4147 982 4205 s
1012 4120 1240 4232 pertigerit,
1285 4124 1418 4232 vnde,
1450 4126 1480 4210 sr

180 4246 334 4328 constet
368 4267 615 4331 momentum
635 4276 754 4357 ,quo
787 4248 897 4332 fiterit
928 4249 1155 4336 semels:
1173 4272 1201 4327 0
1231 4251 1306 4353 ,ad
1325 4252 1485 4359 quoditie

180 4390 341 4483 tempus
371 4374 461 4458 iude
493 4374 695 4483 elapsum,
722 4377 826 4488 quod
850 4379 996 4489 angulo
1031 4377 1138 4464 solari
1167 4368 1485 4491 imprimetur,
1597 4382 1601 4388 ’

180 4522 268 4608 ope
303 4500 497 4611 superioris
536 4509 764 4617 aequationis
811 4510 1000 4594 anomalia
1050 4532 1143 4590 vera
1189 4534 1211 4593 s
1261 4506 1489 4618 definietur,

178 4652 285 4741 qnae
316 4631 343 4718 ii
376 4634 535 4720 addatur
563 4636 611 4722 ad
642 4636 820 4749 angulum
853 4664 886 4719 ω
911 4634 974 4724 seu
1004 4634 1285 4753 longitudinem
1313 4631 1489 4756 praesen·

752 4765 794 4849 Α
811 4784 878 4868 aa
1399 4784 1482 4851 tem
