4484 5934
48 653 49 666 ψ
157 456 1444 645 rnorarurnrrarmortuorunm

271 788 400 881 Simili
439 793 555 904 igitur
593 793 743 904 modo,
782 824 860 910 quo
901 822 955 885 ex
990 794 1055 879 tali
1101 796 1304 905 figurarum
1349 798 1457 881 recri-

156 924 343 1009 linearum
385 919 553 1007 sestione
600 923 690 1007 duas
726 929 948 1037 praecipuas
988 924 1205 1007 huiusmodi
1247 923 1454 1032 figurarum

156 1055 408 1165 proprietates
435 1052 579 1157 elicui,
625 1076 701 1161 pro
716 1051 841 1139 lolidis
878 1052 1201 1162 inuestigationem
1237 1053 1456 1161 inlliruam,

155 1180 245 1265 enm
280 1179 415 1263 omnia
447 1178 564 1262 solida
607 1179 732 1283 hedris
767 1183 888 1293 planis
926 1180 1063 1266 inclusa
1100 1176 1293 1264 luccelliua
1338 1205 1451 1291 angu-

155 1309 285 1393 lomm
316 1308 529 1411 soldorum
556 1307 764 1425 resectione
798 1311 958 1395 tandem
1008 1310 1058 1393 ad
1114 1306 1333 1418 pyramides
1387 1311 1454 1393 tri·

152 1438 352 1547 angulares
381 1435 463 1521 sum
497 1437 742 1550 reduilurus3
772 1438 1069 1549 quorsumnam
1102 1459 1351 1544 peruenero,
1383 1464 1454 1521 nu·

152 1590 280 1647 merus
308 1562 793 1674 angulorumsolidorum,
825 1590 1005 1661 numerus
1022 1563 1225 1647 hedrarum
1244 1628 1257 1671 ,
1275 1587 1453 1649 uumerus

147 1692 354 1801 acierum,
383 1713 422 1775 et
450 1691 600 1775 summa
629 1698 855 1801 angulorum
889 1695 1093 1804 planorum
1126 1693 1314 1774 omnium
1340 1709 1453 1776 erunt
1551 1724 1553 1729 ¹

147 1822 322 1927 cognita.
384 1820 495 1935 Qun
527 1843 603 1926 quo
629 1816 724 1903 fiant
765 1820 973 1931 planiora,
1011 1839 1137 1904 totam
1169 1842 1256 1905 rem
1297 1818 1452 1932 sequen·

150 1945 248 2029 tibus
279 1946 607 2059 proposstionibus
634 1950 889 2059 completur.

358 2191 762 2308 rnouosmo
803 2194 1243 2289 annonantur

270 2415 313 2477 r.
348 2390 533 2503 Propoflto
550 2384 669 2505 solido
720 2414 926 2505 quormque
970 2388 1105 2481 hedris
1149 2392 1278 2507 planis
1321 2386 1451 2497 inclusa

148 2519 236 2606 inde
266 2518 396 2605 datum
429 2517 601 2629 angulum
618 2516 778 2629 solima
816 2522 873 2606 ita
918 2513 1112 2631 nificare,
1160 2536 1204 2605 ut
1251 2528 1290 2609 in
1330 2523 1449 2632 Julidn
1505 2530 1510 2537 “

151 2646 290 2769 restuto
319 2670 491 2736 umerus
522 2651 736 2763 angulorum
753 2642 954 2765 solidorum
987 2656 1134 2739 onitate
1152 2650 1211 2764 stt
1238 2655 1368 2741 minor.

586 2902 1037 3002 SOLVTIO.

262 3092 325 3187 Sit
356 3097 398 3186 0
429 3097 580 3213 angulus
606 3102 744 3188 solidus
775 3102 1087 3207 obtruncandun,
1120 3110 1161 3192 in
1193 3132 1270 3219 quo
1309 3119 1445 3191 coeant
1465 3084 1538 3194 rig.
1563 3114 1596 3168 ²*

148 3228 245 3312 acies
274 3225 878 3337 a0,130,CO,D0,
912 3234 1038 3337 EO,
1073 3232 1313 3339 roma,
1347 3234 1449 3317 vtis

150 3358 334 3441 formatus
362 3357 409 3440 fit
438 3358 486 3441 ab
504 3360 646 3469 angulis
661 3360 781 3468 planis
797 3358 946 3467 AO·B,
963 3355 1108 3467 Boe,
1129 3357 1276 3467 COD,
1295 3359 1447 3467 DOE,

151 3483 286 3587 EOF,
305 3484 461 3591 FOA‚
492 3506 604 3596 atque
643 3486 783 3596 punlla
824 3489 879 3592 A,
896 3483 947 3578 B.
962 3484 1013 3596 C,
1030 3486 1087 3592 D,
1104 3489 1155 3591 E,
1182 3492 1213 3575 F
1229 3487 1448 3599 repraesen-

148 3630 233 3693 tent
264 3610 423 3729 angulos
451 3612 588 3697 solidos
619 3616 767 3696 uicinos
798 3616 996 3725 corporis,
1029 3620 1093 3725 qui
1124 3642 1211 3701 cum
1241 3618 1382 3729 angulo
1406 3618 1448 3701 Ο

146 3738 355 3823 cohaerent
402 3742 515 3825 retiis
564 3740 666 3847 ΑΟ,
684 3737 780 3848 ΒΟ,
798 3736 1020 3850 CO,DO,
1039 3744 1143 3850 EO,
1166 3744 1257 3831 FO.
1343 3740 1448 3829 Cum

141 3866 223 3949 inm
258 3871 449 3955 eiusmodi
484 3894 569 3980 pars
600 3895 622 3952 a
655 3868 774 3953 solido
801 3872 963 3955 abscindi
995 3873 1167 3975 debeat,
1210 3894 1254 3958 vt
1294 3873 1448 3983 angulus

142 3993 279 4079 ulidus
310 3997 352 4082 Ο
382 3998 476 4081 ‘inde
505 3995 659 4109 penitus
687 4002 901 4105 auferatur,
932 3999 1066 4111 reliqui
1097 4026 1195 4085 vero
1222 4027 1358 4085 omnes
1388 4026 1450 4083 re-

137 4123 383 4232 linquantur,
415 4148 537 4237 neque
567 4124 696 4209 tamen
725 4116 847 4212 ulus
877 4127 1032 4237 angulus
1047 4128 1179 4212 solidus
1211 4127 1447 4235 efformetur,

137 4255 279 4358 prima
317 4253 439 4339 leastio
470 4253 681 4337 instituatur
717 4278 787 4363 per
818 4258 996 4367 angulum
1026 4262 1250 4367 quempiam
1276 4256 1447 4339 uicinum

132 4375 204 4487 B,
236 4376 447 4466 strandum
480 4382 639 4497 planum
669 4378 832 4492 ABC,
862 4386 986 4485 donec
1004 4390 1190 4497 pertingat
1217 4387 1266 4471 ad
1291 4378 1447 4493 angulos

48 4499 49 4508 ‘
130 4504 175 4591 Α
210 4526 260 4591 et
296 4505 365 4619 C,
396 4529 484 4605 tum
516 4534 568 4593 ex
598 4508 639 4593 O
671 4506 745 4626 fiat·
767 4513 883 4605 ustio
913 4508 1085 4633 A0031
1107 4538 1192 4629 quo
1214 4507 1447 4633 patloaso-

48 4705 49 4756 q
194 4634 247 4721 T
246 4660 351 4754 om..
405 4635 480 4725 tv.
509 4636 622 4727 Nou.
651 4632 772 4728 Corn.
940 4640 995 4733 ,Τ
1356 4636 1439 4735 lido
