4484 5934
1271 507 1472 620 aaut(

724 769 861 879 abest,
891 783 963 878 ut,
998 767 1102 880 quod
1135 757 1376 856 sarraztnas
1414 763 1660 876 autumauit,
1690 765 1795 854 odor
1825 762 2044 861 moschicus

677 959 680 964 ι
726 927 785 984 ex
816 901 895 984 hoc
926 899 1033 983 villu
1063 898 1218 982 otiatur.
1279 897 1431 983 Falsum
1463 923 1645 1010 quoque,
1686 897 1776 982 illos
1808 900 1870 984 sub
1912 921 2043 1013 term,

615 1127 620 1138 ,
725 1029 914 1142 talparum
949 1053 1062 1113 more
1077 1023 1301 1135 ,cuniculos
1316 1053 1444 1137 agere.
1492 1025 1631 1139 Neque
1649 1050 1748 1138 opus
1764 1027 1818 1111 est
1831 1030 2044 1139 cuniculis,

726 1183 815 1244 cum
836 1181 984 1258 nonest
1008 1156 1199 1240 radicibus
1218 1157 1348 1240 sistant
1369 1218 1382 1262 ,
1403 1155 1463 1239 sed
1479 1179 1534 1238 ex
1557 1155 1739 1267 piscibus,
1758 1183 1925 1269 quorum
1977 1184 2046 1245 ca..

727 1307 862 1402 pturue
879 1287 992 1370 unice
1009 1286 1127 1370 dediti
1145 1283 1246 1393 stam,
1262 1287 1373 1395 eique
1388 1289 1501 1368 omni
1519 1287 1608 1368 anni
1625 1303 1809 1396 tempore
1827 1288 2040 1398 indulgent.

727 1415 818 1500 Hoc
834 1416 973 1500 exinde
988 1417 1121 1526 patet,
1138 1412 1229 1524 quia
1245 1439 1321 1500 una
1337 1438 1429 1508 cum
1456 1412 1614 1526 piscibus
1629 1413 1785 1526 semper
1800 1417 1879 1500 sere
1911 1419 1965 1501 in.
1984 1405 2048 1500 re-

727 1545 782 1628 tia
813 1544 1040 1656 piscatorum
1073 1565 1113 1636 et
1144 1546 1186 1626 in
1218 1544 1292 1627 alia
1325 1542 1570 1653 instrumenta
1603 1542 1811 1654 piscaturae
1839 1533 2047 1630 inseruien-

727 1674 779 1758 tia
812 1667 1138 1783 incidunt3's1cut
1168 1671 1331 1758 uicisstm
1364 1671 1433 1783 ipsi
1468 1699 1491 1755 a
1531 1671 1689 1783 piscibus
1728 1675 1936 1760 maioribus
1974 1673 2048 1758 de-

726 1801 937 1912 glutiuntur
958 1818 1031 1905 ,ut
1065 1803 1107 1884 in
1131 1795 1261 1890 Siluris
1277 1820 1318 1884 et
1358 1798 1507 1904 Luciis,
1524 1799 1572 1884 ad
1605 1791 1830 1884 Siluiorum
1848 1805 2047 1914 maguitu-

664 1968 674 1991 ·
724 1931 856 2015 dinem
897 1929 1124 2039 quandoque
1172 1926 1493 2035 excrescentibus,
1526 1928 1672 2038 saepius
1699 1930 1939 2016 obseruatum
1971 1931 2044 2016 est.

727 2051 834 2142 Cum
878 2057 1049 2140 insieco
1087 2076 1180 2139 rato
1220 2042 1489 2166 reperiantur,
1539 2055 1680 2140 modus
1728 2059 1819 2142 alins
1864 2062 2043 2170 capiendi

726 2184 837 2291 illos,
867 2201 1017 2294 praeter
1065 2181 1318 2295 piscaturam,
1368 2209 1447 2267 non
1483 2183 1549 2266 eil.
1613 2183 1768 2269 Praeter
1806 2182 1949 2296 pellem
2000 2205 2043 2271 et

728 2313 894 2408 caudam
928 2309 1023 2394 nihil
1043 2371 1065 2418 „
1087 2312 1189 2420 quod
1222 2313 1262 2394 in
1296 2311 1406 2395 usum
1438 2313 1563 2395 cedat.
1629 2308 1733 2396 Caro
1765 2339 1889 2425 neque
1921 2317 2044 2399 uTa-

728 2443 846 2549 taris,
879 2463 1000 2551 neque
1031 2465 1054 2524 a
1088 2433 1337 2547 Calmnccis,
1369 2441 1498 2524 omnis
1513 2443 1662 2550 generis
1676 2443 1813 2526 seacula
1832 2444 2046 2527 indistinete

725 2587 920 2656 caeterum
960 2570 1262 2680 appetentibus,
1311 2571 1542 2654 comeditur.
1611 2569 1705 2654 Irno
1736 2571 1898 2679 Lucius,
1939 2575 2045 2683 post-

642 2729 644 2736 ’
725 2725 844 2809 quam
880 2721 1031 2790 murem
1064 2682 1348 2782 moschiserum¹
1378 2698 1585 2805 deglutiit,
1618 2699 1822 2807 obiicitur,
1852 2702 1905 2783 ob
1938 2699 2047 2785 diffi-

726 2826 846 2912 cilem
876 2825 1071 2928 odorem,
1114 2825 1186 2935 ipss
1218 2827 1268 2908 ab
1297 2824 1369 2906 hac
1399 2824 1481 2909 esca
1531 2827 1878 2910 communicatum.
1947 2829 2045 2914 Fra·

725 2949 983 3064 grantiffimus
1016 2951 1116 3034 odor
1149 2955 1189 3034 in
1229 2953 1346 3036 cauda
1388 2952 1556 3059 residet,
1594 2977 1708 3064 quam
1750 2955 1839 3039 ideo
1877 2955 2046 3064 piscato-

724 3107 814 3167 rum
846 3104 926 3164 non
960 3078 1056 3161 uuili
1100 3078 1219 3164 solam
1265 3083 1459 3185 resecant,
1502 3101 1542 3164 et
1590 3078 1736 3192 pellem
1768 3084 1823 3166 ob
1855 3082 2044 3191 laborem,

725 3207 837 3296 illam
878 3206 1135 3312 detrahendi,
1178 3207 1305 3292 minus
1334 3225 1486 3291 curant.
1552 3207 1744 3320 Vtraque,
1778 3228 1817 3293 et
1853 3211 1965 3318 pellis
2004 3229 2047 3297 et

608 3357 609 3361 ‘
724 3339 864 3444 cauda,
899 3333 1034 3418 blattas
1061 3335 1180 3418 odore
1212 3335 1277 3418 suo
1317 3335 1446 3441 fugare
1478 3336 1630 3418 dicitnr.
1695 3338 1800 3418 ilinc
1832 3337 1910 3443 est,
1941 3340 2048 3448 quod

728 3489 820 3552 cum
854 3460 1091 3544 uestimentis
1122 3463 1389 3542 communiter
1422 3480 1655 3568 reponuntur
1697 3464 1741 3543 in
1770 3463 1897 3569 cistis,
1938 3486 1979 3549 et
2020 3493 2045 3552 a

600 3576 612 3601 ⁹
728 3589 962 3706 pellionibus
1025 3588 1192 3672 aliorum
1251 3586 1481 3671 animalium
1542 3587 1706 3696 pellibus
1763 3589 2039 3699 adpenduntur.

727 3717 858 3821 Sunt,
908 3717 974 3826 qui
1006 3713 1157 3804 snrslula
1194 3714 1300 3826 pellis
1341 3713 1502 3798 fimbriis
1538 3716 1700 3801 vellium
1739 3716 1948 3826 intexunt,
1989 3727 2047 3806 'ut

728 3850 778 3934 ab
810 3843 906 3930 aeris
924 3841 1137 3952 pestilentia
1166 3862 1204 3928 et
1234 3842 1439 3928 asebribus
1472 3842 1541 3924 tuti
1567 3864 1765 3930 maneant.
1829 3846 2044 3958 Otenburgi

729 3973 850 4091 pelles
900 3969 1043 4055 duabus
1097 3971 1250 4080 copecis
1297 3991 1341 4054 et
1396 3970 1600 4059 caudarum
1659 3991 1811 4060 centum
1875 3999 1891 4059 1
1902 3999 1924 4077 5
1977 3994 2045 4062 aut

592 4128 597 4142 ·
737 4125 796 4188 ao
831 4102 986 4214 copecis
1017 4098 1245 4188 venduntur.

848 4323 1052 4450 'Hactenus
1066 4368 1257 4452 notitiaea
1271 4324 1756 4477 RilschknuioV.Amplifl‘.
1776 4360 2046 4476 suppeditasse,

736 4491 936 4611 exquibus
968 4494 1116 4582 abunde
1132 4512 1264 4615 patet,
1283 4498 1497 4611 notabilem
1521 4499 1594 4585 eise
1611 4521 1767 4619 montm
1783 4493 2043 4640 diuersitttcm

1941 4641 2047 4712 tuter
