4484 5934
292 448 824 661 conuenae
854 406 1302 650 Autumnus
1380 507 1466 596 ιρι

193 721 534 840 maximusisest,
564 720 614 806 cle
637 749 718 840 qap
733 725 814 810 iam
828 723 942 812 dixi
974 746 1018 810 et
1048 726 1088 812 in
1103 751 1219 858 quem
1244 723 1477 860 uescrphagus
1640 755 1643 762 ’

173 855 372 964 ,ιιιιιιιιιιιιο
438 787 726 969 Membrauosus
754 855 809 936 est
837 874 877 936 er
905 851 1133 972 columnulis
1165 840 1339 966 plurimis
1391 881 1478 942 mu·

190 981 341 1072 scurolis
369 982 519 1066 aruns
547 982 662 1064 Hunc
692 981 876 1101 proxime
906 960 1068 1104 sequitur
1098 975 1225 1092 alter,
1252 981 1379 1064 multo
1401 981 1478 1064 mi·

193 1134 268 1253 npr
283 1109 400 1222 ,qui
431 1136 465 1192 a
488 1108 609 1220 priori
642 1106 910 1192 membrana
899 1128 1045 1190 interna
1079 1108 1120 1187 iu
1154 1108 1282 1192 altum
1334 1107 1480 1191 eleruta

191 1210 441 1350 ddlinguirur
508 1237 602 1340 Eius
627 1218 846 1349 snperficies
862 1206 1039 1379 plurimis
1065 1235 1278 1318 celluliss
1259 1235 1482 1344 s-exaugula

93 1415 97 1418 -
189 1367 296 1449 ribus
331 1365 448 1448 oblita
477 1365 548 1448 est
582 1363 735 1444 Territa
765 1358 917 1491 pariter
941 1363 1099 1468 minor,
1132 1363 1278 1446 interne
1311 1363 1481 1468 rubens,

191 1481 310 1602 plicis
350 1462 540 1601 plurimis
560 1461 748 1600 constat,
797 1513 894 1598 quae
934 1487 1244 1572 nrunerosrlsrmis
1294 1488 1482 1602 papillulis

192 1620 305 1715 deuse
345 1621 499 1729 stipatae
530 1617 623 1699 sunt
658 1617 825 1730 Quartus
854 1615 1025 1698 duobus
1014 1641 1094 1697 ram
1124 1615 1232 1699 diuis
1249 1615 1479 1726 aliquantum

193 1746 415 1856 augustior,
446 1744 506 1828 sed
536 1743 723 1850 longior,
754 1747 900 1828 interae
932 1744 1048 1826 laeuis
1073 1762 1113 1826 et
1129 1735 1285 1852 rugosus
1308 1745 1396 1834 est.
1414 1741 1482 1825 ln·

194 1875 333 1962 teillna
365 1874 515 1957 tenuia
525 1893 591 1972 55
617 1869 765 1979 pedes,
795 1863 953 1953 cratia
939 1872 1093 1954 tertiam
1124 1872 1294 1956 tenuium
1328 1889 1482 1982 partem

194 1997 324 2110 longa
358 1996 501 2084 Colum
533 2001 618 2110 plus
648 1999 817 2117 septies
828 1996 1052 2082 reflectitur
1114 1995 1182 2082 Ad
1233 1995 1480 2084 insertionem

192 2125 301 2211 ilei
288 2153 331 2209 m
357 2151 520 2211 coecum
569 2125 721 2208 ualuula
769 2099 859 2232 eil,
903 2123 1074 2210 ualuulae
1101 2125 1178 2208 coli
1227 2127 1268 2208 in
1317 2125 1482 2208 homine

196 2254 370 2362 analoga.
422 2224 604 2341 Coccum
630 2275 760 2354 uero,
791 2191 890 2334 ulr'ra
921 2254 1062 2362 pedem
1094 2250 1285 2359 longum,
1315 2253 1355 2333 in
1389 2277 1485 2360 pro-

195 2382 339 2470 cessum
379 2383 460 2486 abit
500 2379 822 2497 vermisormerus
835 2445 851 2488 ,
899 2378 1153 2490 amplitudine
1177 2379 1339 2488 quoduis
1371 2399 1489 2462 renue-

197 2489 422 2612 intestinum
454 2509 724 2620 superantem,
756 2533 836 2589 nun
868 2508 967 2590 ultra
1001 2533 1054 2587 ι..
1074 2507 1168 2617 poll.
1186 2506 1360 2614 longum
1396 2505 1482 2588 He·
1585 2561 1594 2578 ·

194 2661 269 2745 par
299 2638 443 2720 duobus
473 2637 659 2751 primariis
688 2633 787 2717 lobis
832 2634 1039 2730 maioribus
1069 2633 1264 2739 constat,
1313 2659 1514 2744 quorum,

195 2781 330 2865 tamen
347 2765 516 2870 dexter,-
542 2791 604 2848 cur
592 2762 783 2847 vesicula
800 2757 938 2865 fellea,
966 2781 1040 2845 tres
1057 2763 1219 2872 pollices
1235 2759 1376 2870 longa,
1411 2785 1485 2870 cy·
1596 2779 1599 2784 ·

193 2876 436 2994 liudroidea,
484 2831 592 2992 salle
603 2888 836 3011 viridesceuti
874 2889 1050 2999 repleta,
1096 2885 1303 2994 adhaeret,
1357 2890 1483 2974 maior

33 3057 47 3074 ν
197 3017 264 3099 est.
301 3006 452 3100 Praeter
480 3015 554 3099 hos
584 3015 676 3098 alius
700 3006 788 3096 est
776 3015 1082 3126 ,triangularis,
1114 3013 1331 3122 oblongus,
1368 3038 1483 3100 cauae

197 3168 394 3247 accretas,
423 3162 465 3225 et
496 3139 642 3240 lobulus
674 3135 830 3250 Spigelii
860 3140 942 3224 satis
975 3139 1134 3249 infignis.
1168 3139 1285 3249 Splen
1326 3154 1348 3225 8
1385 3143 1481 3252 poll.

197 3269 404 3380 longus,
391 3296 432 3352 ιιι
450 3271 614 3373 medio,
644 3267 713 3351 ubi
731 3266 926 3352 latiffimus
941 3269 1026 3373 eil,
1056 3297 1088 3371 4
1107 3267 1200 3380 poll.
1221 3268 1352 3370 latus,
1384 3295 1482 3353 ven·
1585 3345 1591 3358 .

197 3397 475 3480 tritula-ursle
502 3396 696 3480 adhaeret.
730 3399 860 3485 Renes
888 3382 1066 3480 humanis
1101 3396 1272 3502 slmiles,
1324 3417 1363 3494 a.
1385 3397 1481 3506 poll.
1608 3367 1644 3482 ,¹

197 3526 306 3632 longi
341 3589 354 3629 ,
403 3526 499 3608 duos
529 3525 606 3606 lati.
688 3523 867 3646 Vreteres
922 3514 1109 3630 urachum
1161 3525 1485 3632 superscandentes

197 3652 407 3761 posteaque
436 3652 553 3734 rursus
582 3651 677 3734 infra
710 3676 798 3734 cum
832 3650 957 3757 flexi,
988 3653 1093 3736 reela
1113 3652 1195 3736 scre
1220 3653 1321 3735 linea
1340 3655 1484 3736 adrue-

199 3780 313 3864 ficam
347 3797 539 3888 pergunt,
587 3783 675 3862 inde
707 3804 804 3862 uero
835 3781 992 3892 oblique
1022 3805 1103 3885 non
1136 3781 1267 3890 procul
1305 3805 1328 3862 a
1378 3781 1483 3865 collo

199 3906 346 3990 vedrae
376 3909 592 3989 inseruntur.
628 3910 758 3994 Renes
784 3909 1040 3992 succenturiati
1070 3909 1196 3994 ouales
1213 3905 1321 4014 sere,
1357 3908 1485 3992 versus
1567 3915 1578 3938 ⁹

200 4036 395 4118 internum
445 4034 540 4117 latus
569 4035 735 4118 auricula
773 4035 906 4143 quafi,
956 4037 1187 4144 triangularis
1216 4033 1388 4142 figurae,
1437 3997 1521 4124 ars.

201 4183 338 4245 uenam
372 4184 505 4243 cauam
537 4163 642 4245 'audie
672 4161 919 4267 adhaerente,
951 4161 1093 4245 donati.
1127 4159 1344 4248 Cauitarem
1376 4163 1414 4245 in
1432 4167 1485 4246 -se

202 4286 375 4393 habent,
406 4313 501 4399 quae
533 4290 626 4374 flatu
655 4291 812 4373 distendi
842 4289 978 4402 potest
1022 4277 1156 4374 Penis
1153 4290 1373 4400 ,digitum
1399 4317 1483 4374 me·

200 4415 373 4544 diucreut
421 4416 584 4533 ιιιιιιι,
632 4415 868 4511 oneroso
916 4418 1130 4510 admodum
1177 4421 1315 4509 itinere
1364 4416 1554 4635 vebrsus

1340 4575 1393 4662 pu
1418 4573 1484 4636 em
