4484 5934
487 472 887 592 erutus
951 470 1138 630 usi.
1363 469 1590 609 ,μα’

182 727 441 818 εῐεᾶτῖῐῆεαὶπο
488 739 596 820 certo
639 737 756 853 gradu
803 735 845 822 et'
888 735 1021 847 grados
1069 718 1273 823 desceoffis.
1338 733 1477 822 Initio*

179 864 339 946 'ridebar
356 861 667 948 mihiobse'ruare
702 867 898 978 egregiam
933 861 1209 964 harmoniam,
1242 863 1304 948 ast·
1325 865 1479 974 posto·

179 995 346 1099 repetito
376 989 516 1105 saepius
547 994 817 1102 experimento
849 989 1021 1076 minime.
1085 987 1175 1074 Hoc
1205 986 1329 1074 solum
1376 993 1461 1072 ani-

178 1121 394 1225 modu'erti,
424 1119 531 1203 filum
565 1139 707 1222 neoto,
740 1137 844 1204 certa
882 1119 965 1227 lege
1016 1119 1236 1224 retardato,
1283 1117 1460 1202 accedere

175 1247 227 1332 ad
258 1247 443 1358 regulam.
505 1243 655 1330 Docuit
684 1248 799 1330 index
869 1251 888 1340 3
1127 1266 1131 1275 ·
1215 1249 1219 1256 ’
1578 1341 1588 1356 ⁰

330 1373 419 1487 ια.)
452 1373 615 1459 Massam
647 1375 834 1486 quandam
859 1395 955 1456 cum
986 1387 1092 1456 acuto
1108 1373 1355 1459 extremitate
1381 1374 1475 1458 rire²
1550 1386 1555 1391 ’

175 1503 361 1590 soillrltnm
385 1504 435 1586 'in
465 1495 657 1586 vicinitate
706 1501 930 1620 corporisa
977 1497 1097 1608 globo
1147 1499 1474 1584 eledrilicatorio'

174 1633 404 1715 immediate
432 1625 697 1728 eleslriftcati,
730 1631 813 1732 ita,
845 1643 892 1708 rt
922 1645 1031 1708 acuta
1062 1630 1285 1710 extremitas
1321 1651 1462 1736 corpus

171 1755 465 1840 electrilicatum
497 1752 621 1837 rursm
649 1751 860 1862 dirigatur,
891 1738 953 1834 et'
970 1753 1023 1836 ab
1051 1774 1106 1833 eo
1149 1751 1273 1860 plures
1318 1753 1459 1863 digitos

170 1885 319 1990 distet,
350 1879 600 1966 eleslrilicari.
634 1874 782 1964 Sensrm
816 1877 1021 1988 sensimque
1051 1879 1156 1963 enim
1189 1878 1298 1965 filum
1327 1881 1477 1967 indicis·

169 2012 242 2094 tali
273 2011 409 2092 massae
438 2005 612 2118 adplicati
645 2004 822 2090 ascendit.
871 2003 1019 2120 Quodsi
1054 2005 1198 2089 tollitur
1229 2006 1460 2094 electricitas

171 2139 348 2246 corporis
377 2133 600 2218 immediate
632 2159 653 2214 a
693 2131 832 2240 globo·
860 2129 1125 2238 eteorificati,
1155 2132 1275 2216 etiam
1319 2134 1458 2219 seofim

171 2261 320 2350 maline
345 2287 435 2348 cum
467 2278 573 2343 acuta
590 2258 831 2360 extremitate
847 2255 1071 2342 electrinus
1086 2255 1301 2368 languescit.
1336 2259 1462 2346 Phae-

172 2413 381 2476 nomenon
410 2388 530 2472 hocce
563 2405 604 2468 et
641 2389 749 2472 varia·
790 2385 1052 2496 praecedentia
1103 2385 1250 2470 ducunt
1295 2412 1365 2471 nos
1410 2388 1460 2474 ad

172 2515 392 2602 naturalem
423 2513 713 2598 electricitatem
753 2510 1092 2615 considerandam,
1141 2536 1240 2624 quae
1285 2515 1457 2624 phaeno
1500 2521 1502 2525 ’

171 2647 305 2732 menis
331 2643 455 2729 allatis
489 2641 711 2754 perpense,
742 2643 945 2756 quomodo
974 2657 1207 2751 generentr,
1237 2660 1320 2727 non
1351 2639 1462 2730 diffi-

169 2771 301 2860 culter
331 2769 564 2880 intelligitur.
776 2754 779 2764 ’
1217 2867 1223 2884 ,

329 2891 566 3010 Eledlncit'a's
598 2896 694 2982 haee
721 2893 894 2986 naturalis
925 2892 1124 2984 nouislime
1153 2896 1303 2985 deteda
1335 2897 1461 2987 nostra

169 3023 505 3138 contemplatione
534 3025 746 3136 dignissrma
778 3027 844 3110 est'.
905 3025 1009 3112 Orici
1047 3026 1201 3110 uidetur
1247 3027 1296 3142 in·
1331 3044 1463 3110 etmo-

167 3155 334 3268 sphaera
362 3153 558 3238 collisione
605 3152 872 3262 panicularum
923 3153 1152 3238 deriuatiuae
1201 3153 1457 3239 electricitatis

167 3285 214 3366 in
254 3282 469 3394 corpuscula
500 3281 721 3396 originariae
750 3280 1034 3387 eleslricitatis‚
1070 3303 1165 3390 quae
1199 3279 1272 3367 hac
1309 3282 1460 3365 ratione

167 3409 425 3494 eledirificara
455 3433 544 3492 cum
576 3407 656 3489 aliis
685 3406 910 3492 deriuatiuoe
939 3407 1192 3492 elee‘cricitatis
1205 3409 1461 3520 corpusculis,

166 3541 299 3621 nubes
329 3534 566 3620 multitudine
612 3533 963 3643 constituentibus,
1013 3533 1303 3622 elestricitatem
1350 3554 1460 3621 com·
1499 3553 1502 3559 ’
1558 3555 1566 3610 t

166 3669 390 3748 municaut.
451 3661 731 3772 Philadelphiae
762 3663 803 3744 in
835 3657 1025 3749 America
1058 3663 1275 3774 praedislus
1311 3663 1463 3750 Franc-

166 3791 277 3878 Iinus
308 3791 556 3900 sagacissimus
586 3787 819 3900 inexped’cati
850 3793 1111 3903 phaenomeni
1151 3793 1327 3900 proditor
1361 3789 1459 3900 suit,

164 3941 211 4004 et
249 3941 354 4003 nunc
383 3918 432 4001 de
466 3919 520 4001 rei
549 3918 709 4002 ueritate
742 3917 1064 4003 obseruationibus
1082 3918 1217 4028 pnssrm
1242 3922 1283 4004 io
1301 3919 1462 4028 Europa

162 4045 362 4158 emrlgatis
384 4044 541 4156 prorsus
575 4069 655 4128 non
705 4045 877 4130 dubitare
925 4045 1040 4148 licet,
1086 4043 1346 4158 quilibetque,
1396 4044 1462 4156 qui

163 4174 332 4258 ferrum
355 4193 507 4259 acutum
541 4195 594 4257 ex
609 4173 740 4257 'serico
772 4171 938 4258 firniculo
985 4171 1205 4282 suspendere
1235 4173 1363 4279 valet,
1387 4163 1462 4255 'uel

163 4305 283 4386 virro
299 4317 337 4383 et
363 4303 481 4385 resana
509 4299 668 4406 fulcire,
696 4303 746 4384 de
766 4301 828 4384 itta
855 4300 1032 4384 conuinci
1058 4303 1217 4411 poterit.
1245 4297 1462 4412 Suspicatus

160 4427 340 4543 quidem
366 4448 445 4513 erat
464 4430 542 4514 iam
566 4451 669 4511 anuo
702 4449 817 4532 1725
846 4425 906 4518 Cl,
936 4425 1076 4539 Gray,
1099 4428 1166 4540 qui
1188 4428 1287 4514 inter
1312 4430 1464 4542 pdmos

752 4557 896 4642 Tta
1125 4642 1127 4647 ,
1419 4568 1465 4636 et
