4484 5934
205 505 211 518 ·
332 448 1242 608 Moturuuarnraaru
1365 535 1429 621 4⁷

147 771 277 860 lelium
311 773 363 860 est
394 777 478 886 quia
517 796 603 860 tum
642 773 877 862 interuallum
918 777 949 862 P
988 778 1028 860 T
1072 777 1234 888 ideoque
1268 793 1307 859 et
1338 773 1435 864 VR

144 903 181 984 in
213 899 378 987 nihilum
412 905 519 1012 abit,
551 897 672 988 Cadet
700 926 793 1012 ergo
828 905 1014 1014 punem
1049 904 1144 987 Vin
1166 903 1312 989 tedam
1346 901 1437 1007 EF,

146 1045 260 1138 atque
308 1029 470 1116 dirediio
516 1033 623 1116 uenti
655 1021 750 1114 ZV
794 1032 836 1114 in
877 1032 962 1144 ipso
1003 1031 1120 1144 plano
1162 1031 1200 1117 E
1233 1022 1275 1116 Z
1305 1029 1338 1114 F
1369 1028 1440 1113 erit

143 1155 245 1263 sita,
275 1160 375 1241 unde
395 1159 628 1244 elementum
663 1149 704 1244 Z
737 1178 906 1244 auento
937 1181 1085 1245 tantum
1120 1159 1317 1270 stringetur
1346 1179 1436 1242 neu·

141 1282 291 1394 tiquam
325 1311 421 1368 reto
451 1287 703 1400 impelletur,
724 1286 822 1402 quia
854 1287 1010 1398 angulus
1038 1287 1259 1380 incidentiae
1290 1284 1329 1368 V
1347 1275 1387 1370 Z
1408 1274 1439 1368 S

140 1407 326 1496 euanesci.
360 1411 428 1498 Ex
443 1439 522 1524 quo
536 1413 618 1499 casu
633 1437 684 1498 eo
698 1395 833 1498 clarius
855 1415 1091 1527 perspicitur,
1114 1412 1205 1498 filit
1219 1439 1247 1497 z
1272 1432 1374 1523 tang.
1392 1401 1439 1517 Φ

143 1539 241 1644 >o
257 1539 331 1624 col.
346 1531 375 1652 ζ
387 1532 640 1626 elementoZ
673 1539 866 1652 planitiem
884 1541 1115 1652 superiorem
1133 1539 1193 1624 seu
1209 1564 1309 1641 earn,
1342 1559 1441 1650 quae
1590 1608 1594 1616 .

140 1689 159 1748 a
194 1666 316 1778 plano
354 1668 502 1754 tabulae
541 1669 595 1754 est
633 1667 755 1752 auersa
782 1670 892 1751 venti
925 1667 1194 1780 impulsionem
1227 1670 1439 1780 recipere,

142 1792 192 1878 in
233 1815 368 1880 autem
418 1785 634 1904 ataugi)
667 1787 911 1906 <occid
952 1799 1150 1906 planitiem
1210 1795 1443 1879 inferiorem

142 1945 232 2030 quae
286 1923 444 2034 planum
476 1921 640 2030 tabulae
664 1921 838 2032 respicit,
879 1948 900 2004 a
942 1942 1065 2006 vento
1106 1920 1287 2034 impelli,
1318 1921 1442 2035 licque

142 2047 327 2132 effectum
359 2047 473 2160 pinne
506 2047 737 2132 contrarium
774 2048 934 2157 produci
965 2053 1115 2132 debere.
1148 2138 1151 2144 ,

531 2207 1043 2340 COROLha.

258 2399 288 2480 6
293 2461 302 2482 .
365 2389 406 2482 Si
436 2395 605 2482 celeritas
634 2401 742 2482 renti
773 2425 852 2484 non
889 2427 958 2512 per
989 2398 1228 2484 altitudinem
1244 2397 1313 2508 ipl
1328 2395 1438 2484 debi-

143 2542 223 2611 tam
256 2525 437 2632 ledetur,
469 2523 528 2609 sed
567 2525 728 2638 spatium
763 2527 1009 2636 exhibeatur,
1047 2527 1148 2640 quod
1190 2545 1325 2608 ventus
1355 2547 1438 2608 mo

144 2657 299 2738 minuto
330 2653 489 2736 secundo
521 2671 738 2764 percurrit,
774 2659 830 2739 ris
861 2658 967 2740 venti
1000 2679 1121 2766 aeque
1150 2651 1253 2736 fircile
1269 2650 1451 2763 exprimi.

144 2785 304 2894 poterit.
343 2777 401 2865 Sit
433 2782 540 2864 enim
572 2777 730 2891 spatium
765 2807 787 2864 a
819 2806 935 2868 vento
964 2809 1048 2866 vno
1086 2784 1241 2866 minuto
1279 2778 1439 2863 serundo

145 2914 358 3020 perculsum
394 2933 449 2990 z
478 2934 499 2992 e
532 2911 670 3018 pedum
704 2909 836 2996 Rhen.
871 2931 984 3022 atque
1013 2911 1178 3020 reliquae
1210 2909 1438 3020 quantitates
1558 2956 1564 2970 =

149 3037 347 3121 ineadem
381 3038 550 3120 mensura
581 3039 875 3150 exprimantur,
907 3041 979 3122 erit
1012 3039 1072 3120 vti
1105 3036 1365 3148 uidimus(2
1340 3033 1438 3143 a),

150 3177 312 3291 kz&
300 3203 414 3294 ee,
443 3175 494 3262 ita
525 3179 584 3262 uis
614 3205 696 3290 qua
718 3169 1102 3263 elementumZ:
1126 3177 1158 3261 d
1172 3175 1200 3261 S
1231 3173 1437 3259 secundum

147 3242 414 3396 dirediionem
432 3295 533 3392 ZN
568 3301 817 3416 impelletur,
846 3306 1005 3418 aequalis
1045 3306 1118 3388 erit
1155 3301 1319 3411 ponderi
1362 3314 1436 3378 vo·

149 3465 456 3570 luminisaeris,
488 3465 774 3577 quodell:
790 3425 1275 3579 eerlS‘s0
1202 3415 1397 3566 wi(
1449 3501 1452 3508 ·

145 3614 201 3696 seu
244 3609 365 3721 posita
397 3610 541 3692 ratione
574 3606 759 3716 grauitatis
791 3539 986 3716 ipecilicae
1019 3606 1109 3689 aeris
1140 3609 1189 3687 ad
1208 3525 1362 3713 aquam
1391 3615 1436 3685 rt

151 3761 172 3820 1
207 3742 253 3825 ad
290 3749 409 3844 800,
442 3735 499 3816 via
516 3733 609 3820 haec
625 3733 789 3845 ponderi
830 3733 1038 3817 voluminis
1067 3755 1183 3840 aquae
1199 3727 1439 3842 aequabitur,

284 4365 328 4450 7.
392 4341 517 4430 Potell
545 4345 661 4430 etiam
703 4345 751 4430 ad
789 4339 976 4427 calculum
1024 4337 1325 4424 contrahendum
1373 4355 1444 4422 ro·

137 4471 313 4566 efficiens
340 4471 408 4562 isse
424 4475 639 4561 numericus
666 4475 820 4622 penitus
840 4465 1004 4578 omitti,
1034 4485 1145 4578 atque
1172 4469 1233 4556 ris
1262 4462 1371 4680 plenti
1402 4464 1446 4546 in

1075 4615 1079 4624 ·
1306 4611 1442 4680 emen-
