4484 5934
183 438 1476 617 rtorrrrrrryrractionarius„

179 783 242 849 tnr
282 760 486 871 4angnlis
535 759 676 869 tediis,
709 762 1329 872 quinumernaestz4S-8.
1367 764 1480 851 Idem
1631 832 1635 841 .

180 910 313 981 euenit
344 893 381 973 in
415 888 597 973 omnibus
627 890 913 1000 pyramidibus,
962 890 990 975 fi
1019 895 1175 1004 angulus
1206 896 1395 979 verticalis
1439 894 1512 983 ΟΙ

177 1022 267 1108 inde
298 1016 506 1124 resecatur,
537 1017 603 1101 vbi
632 1035 716 1101 tota
735 1021 906 1127 pyramis
936 1018 1050 1105 fimus
1080 1023 1258 1123 tollitur,
1290 1042 1378 1103 tunc
1412 1049 1481 1107 au-

178 1168 260 1233 tem
294 1147 370 1228 sola
404 1144 492 1229 nafis
523 1148 681 1253 relinqui
709 1149 960 1256 concipienda
991 1151 1075 1257 eli,
1108 1178 1204 1261 quae
1240 1149 1268 1235 fi
1301 1148 1345 1233 sit
1370 1148 1481 1261 poly-

177 1300 327 1388 gonum
361 1296 387 1354 n
407 1272 574 1358 latemm
595 1341 608 1384 ,
638 1271 795 1383 speum
814 1278 957 1387 poterit
974 1278 1083 1365 instar
1115 1279 1241 1381 solidi,
1260 1280 1299 1361 in
1317 1302 1395 1389 quo
1411 1302 1486 1363 nu·

179 1432 309 1491 merus
339 1401 565 1513 angulorum
598 1399 805 1488 lulidotum
823 1404 869 1488 sit
886 1405 914 1493 S
930 1432 1023 1491 :n
1043 1474 1054 1515 ‚
1078 1432 1254 1491 numents
1276 1406 1482 1493 ltedrarum

178 1535 221 1621 H
241 1559 297 1616 t:
318 1558 376 1635 a,
411 1548 451 1612 et
481 1552 662 1617 numerus
693 1534 860 1618 acierum
894 1536 934 1619 A
955 1562 1009 1619 ·.:
1029 1560 1085 1641 n,
1119 1537 1175 1620 ita
1206 1551 1255 1617 rt
1293 1534 1421 1617 denuo
1438 1535 1485 1621 fit

175 1658 294 1757 84-
311 1660 350 1745 H
370 1683 429 1740 2:
447 1660 485 1741 Α
504 1672 571 1752 -l-
595 1686 635 1740 2.
703 1654 860 1746 Deinde
889 1688 980 1749 cum
1015 1683 1176 1773 atraque
1206 1660 1326 1747 hedra
1343 1660 1388 1746 fit
1408 1686 1489 1773 pu·

171 1788 373 1899 lygonnm
407 1808 432 1867 tr
464 1782 622 1869 laterum
639 1848 659 1905 O,
691 1810 833 1875 omnes
862 1794 988 1903 anguli
1019 1799 1060 1880 in
1090 1791 1272 1876 ambabus
1310 1789 1487 1876 conteuti

169 1920 435 2026 aequabuntur
466 1914 812 2017 4n-8:4S-8
847 1922 992 2031 angulis
1036 1920 1185 2029 rediit,
1222 1918 1283 2003 uti
1318 1920 1494 2003 alterum

170 2041 407 2131 Theorema
437 2038 614 2150 postulat.
678 2041 760 2127 Etsi
793 2062 920 2133 autem
962 2048 1004 2131 hi
1054 2050 1154 2132 casus
1202 2046 1354 2161 veritati
1401 2070 1486 2133 non

175 2170 444 2274 aduersantnr,
475 2186 609 2251 tamen
638 2170 679 2253 in
712 2175 901 2279 praetenti
931 2178 1094 2283 negotio
1123 2198 1205 2258 nott
1234 2196 1331 2285 opus
1364 2174 1419 2255 eil
1436 2172 1486 2259 ad

177 2324 244 2387 ens
275 2292 503 2401 attendere;
540 2320 631 2379 curn
666 2296 771 2377 enim
807 2303 1045 2405 propositum
1074 2302 1120 2383 fit
1151 2300 1283 2381 omnia
1308 2296 1422 2382 solida
1438 2298 1488 2387 ad

178 2425 403 2540 pyramides
435 2420 678 2531 triangulares
707 2445 920 2531 reuocare,
958 2425 988 2511 si
1038 2424 1199 2511 solidum
1244 2425 1325 2509 iam
1374 2426 1485 2513 silerit

179 2551 391 2641 illiusmodi
421 2551 642 2661 pyramis,
693 2549 900 2649 resedimus
930 2554 1142 2664 cuiuspiam
1177 2552 1302 2663 anguli
1335 2555 1486 2667 penitus

182 2686 254 2769 erit
283 2682 633 2795 supersedendum3
665 2676 722 2761 fin
754 2700 884 2767 autem
916 2680 960 2765 fit
1000 2683 1171 2790 pyramis
1200 2679 1301 2765 basra
1342 2680 1487 2767 habent

178 2810 344 2927 plurium
381 2806 593 2916 latemm,
640 2828 725 2892 turn
765 2834 846 2893 non
888 2804 1070 2919 angulum
1103 2808 1326 2894 verticalem
1362 2871 1376 2918 ,
1423 2809 1486 2896 sed

179 2942 403 3052 quempiam
436 2938 662 3050 angulorum
692 2936 742 3021 ad
772 2938 875 3024 basin
903 2936 1062 3021 siturum
1095 2938 1185 3021 inde
1213 2923 1373 3023 abscindi
1390 2961 1483 3023 con·

180 3073 346 3179 reniet,
374 3069 442 3179 qui
474 3070 589 3151 tribus
620 3083 769 3149 nutum
800 3065 940 3177 angulis
971 3063 1093 3177 planis
1118 3064 1364 3177 formantur3
1403 3065 1485 3153 hoe

179 3202 307 3285 modo
356 3194 511 3309 semper
562 3194 648 3305 posi
697 3191 945 3280 resedionem
996 3198 1166 3303 pyramis
1216 3195 1480 3305 relinquetur,

178 3328 284 3413 cuins
313 3326 539 3439 angulorum
581 3320 789 3407 solidorum
841 3344 1022 3407 numerus
1068 3345 1153 3405 tuo
1198 3325 1272 3405 erit
1320 3323 1482 3425 minor,

178 3482 297 3569 quam
322 3452 432 3541 ante.
469 3457 596 3563 Atque
627 3450 843 3559 generatim
874 3450 1126 3561 quodcunque
1156 3471 1390 3561 proponatur
1419 3449 1481 3535 so·

177 3587 327 3693 lidum,
362 3580 513 3695 semper
540 3580 743 3667 conueniet
759 3578 1011 3665 resedionem
1029 3577 1151 3688 incipi
1166 3577 1223 3662 'ab
1254 3578 1394 3687 angulo
1426 3577 1485 3666 so·

180 3712 290 3817 litio,
324 3714 537 3824 quiquam
570 3704 794 3823 panciffimis
831 3704 972 3817 angulis
1011 3703 1133 3815 planis
1179 3706 1225 3789 stt
1271 3691 1484 3813 fornitus,

175 3860 222 3924 tt
262 3842 420 3949 semper
455 3841 642 3951 quaedam
684 3836 790 3922 solidi
831 3838 965 3947 portin
1002 3830 1047 3917 fit
1076 3830 1323 3941 remansura,
1355 3832 1481 3919 dunen

171 3969 223 4053 ad
270 3970 519 4079 pyramidem
559 3963 827 4072 triangularem
862 3963 1112 4076 perueniatnr.
1160 3962 1317 4047 iuterim
1352 3980 1484 4049 tamen

171 4099 236 4179 vis
271 4096 509 4207 sequentium
540 4092 912 4180 demonstrationum
944 4088 992 4179 ab
1022 4089 1103 4195 hac.
1130 4092 1358 4175 limitatione
1401 4114 1482 4173 nun
1632 4148 1637 4157 -

167 4225 359 4334 pendet,
385 4226 531 4339 quippe
564 4245 678 4334 qnam
711 4237 860 4305 tautum
891 4244 983 4307 enm
1016 4222 1059 4303 itt
1093 4218 1212 4305 finem
1251 4218 1404 4322 adieci,
1439 4234 1482 4303 tt

165 4352 480 4442 incommodum
523 4374 707 4467 apparens
742 4373 989 4440 nanterum
1020 4349 1194 4436 enitemr.

770 4606 809 4691 r
846 4630 873 4711 3
1020 4628 1028 4648 =
1288 4534 1480 4695 ritum
