4484 5934
1277 133 1287 218 i

775 498 902 593 384·
997 473 1189 590 MVS
1247 464 1850 598 AQVATICVS

773 721 1002 818 auditorium
1036 713 1171 822 ducit,
1202 731 1242 798 et
1275 713 1325 798 ita
1358 707 1548 798 occultata
1581 709 1664 816 eli,
1698 725 1741 794 rt
1758 730 1851 828 'oon
1884 702 1952 790 nib
1977 703 2060 818 pilis

774 848 960 951 abscissis,
992 845 1057 928 ret
1090 847 1179 928 aliis
1199 883 1224 950 ,s
1242 838 1406 949 conspici
1439 838 1548 920 lircile
1581 835 1706 948 possit.

931 977 1035 1056 Tam
1068 973 1107 1053 in
1141 973 1296 1079 capite,
1342 991 1457 1076 quarm
1492 967 1761 1073 incorpore,
1809 959 1952 1072 duplex
1996 960 2060 1070 pi-

775 1105 900 1189 lorum
933 1124 1049 1210 genus
1078 1083 1303 1180 obsecuntur.
1335 1094 1507 1176 Primum
1535 1091 1807 1202 longiusculum
1834 1089 1916 1196 est,
1940 1083 2059 1170 molle

776 1251 817 1315 et
849 1254 1010 1332 rarum,
1041 1251 1085 1308 ac
1115 1223 1222 1334 snpra
1252 1222 1410 1306 alterum
1443 1219 1622 1326 eminet,
1654 1222 1755 1329 quod
1788 1216 1927 1303 coloris
1943 1218 2058 1324 magis

771 1356 883 1441 diluti
914 1374 955 1437 et
987 1350 1272 1466 molissimum,
1307 1350 1418 1434 breue
1448 1374 1491 1430 ac
1522 1348 1717 1458 copiosum
1750 1345 1817 1429 est.

928 1481 1045 1565 Pedes
1075 1480 1279 1562 anteriores
1303 1501 1391 1560 cunr
1419 1478 1625 1584 unguiculis
1650 1499 1725 1558 non
1751 1475 1849 1559 vltra
1876 1471 2059 1580 pollicem

730 1653 738 1662 ·
782 1610 888 1718 longi
920 1609 1032 1710 sunt,
1078 1609 1276 1714 usquead
1326 1603 1464 1710 digitos
1516 1594 1603 1710 pilis
1651 1603 1740 1684 raris
1791 1601 1910 1710 hirtis,
1941 1599 2062 1685 obsiti.

784 1738 975 1845 Vtrinque
993 1733 1039 1815 ad
1058 1757 1140 1814 oras
1159 1731 1259 1814 series
1277 1729 1442 1836 pilorum
1463 1727 1648 1812 h'irtornm
1670 1789 1682 1830 ,
1702 1754 1779 1810 non
1806 1728 1903 1814 ultra
1920 1735 1954 1826 a}
1972 1729 2065 1837 poll.

785 1843 1024 1972 longorum,
1071 1857 1311 1961 albentium,
1360 1853 1470 1938 iubae
1520 1855 1675 1964 equinae
1723 1857 1834 1942 instar
1882 1857 2063 1963 pendent.

732 2054 735 2061 .
787 1987 918 2098 Digiti
954 2014 977 2090 ς
1015 1986 1107 2070 ntrdi
1143 2010 1210 2091 per
1242 1983 1483 2067 membranas
1511 1983 1784 2091 cohaerentes,
1817 2007 1980 2096 quotum
2000 1981 2067 2064 fin·

789 2117 866 2227 guli
895 2138 1057 2224 quatuor
1087 2111 1247 2194 articulis
1278 2130 1589 2218 componuntur,
1643 2131 1683 2192 ct
1714 2111 1753 2191 in
1787 2105 1954 2221 unguem
1986 2113 2068 2218 peri

792 2268 927 2353 parum
958 2244 1179 2342 aduncum,
1215 2259 1390 2342 tenuem,
1425 2248 1443 2342 ἦ
1477 2236 1569 2346 poll.
1605 2238 1754 2320 circiter
1784 2237 1976 2346 longum,
2007 2237 2068 2318 de·

794 2370 927 2455 sinunt.
1011 2370 1122 2452 Pedes
1169 2365 1390 2474 posteriores
1441 2365 1489 2447 ab
1537 2381 1622 2446 ortu
1671 2362 1736 2447 sno
1759 2371 1765 2376 “
1785 2362 2067 2471 rotundiusculi,

792 2497 969 2605 angusti,
1003 2519 1082 2576 non
1116 2493 1213 2573 vltra
1233 2485 1384 2602 ,spoli
1419 2489 1513 2598 lati,
1550 2489 1636 2600 pilis
1662 2493 1805 2577 ibidem
1824 2492 1923 2577 ‘raris
1949 2491 2069 2599 obliti,

795 2624 930 2706 senfim
964 2641 1004 2710 tt
1036 2621 1165 2703 sensim
1199 2621 1288 2700 nrrdi
1320 2617 1515 2726 euadutrt,
1546 2638 1585 2699 et
1616 2643 1667 2700 ex
1699 2619 1924 2716 rotunditate
1956 2619 2067 2702 latam

794 2748 1032 2857 superficiem
1065 2747 1270 2856 acquirunt
1336 2747 1384 2825 In
1414 2747 1657 2828 extremitate
1691 2758 1724 2844 ,g
1756 2747 1846 2853 poll.
1875 2748 1940 2830 lati
1968 2747 2070 2852 sunt,

796 2878 883 2960 imo
911 2875 957 2956 ad
998 2901 1016 2951 1
1057 2869 1120 2971 eg,
1140 2870 1234 2979 poll.
1269 2871 1434 2956 extendi·
1455 2873 1638 2980 possunt,
1680 2873 1833 2956 craffin'e
1866 2897 1964 2955 vero
2005 2874 2070 2956 ibi·

795 3003 886 3085 dem
922 3004 990 3082 vix
1023 3010 1055 3097 ᾗ
1087 2997 1182 3107 poll.
1215 3015 1363 3106 aequat.
1399 3000 1464 3082 Aa
1488 3023 1598 3080 oram
1633 3019 1832 3082 externam
1867 3000 1976 3082 series
2016 3000 2071 3110 pi·

799 3125 927 3210 lorum
964 3127 1151 3209 birrorum
1188 3127 1221 3220 ἶς’
1252 3126 1345 3231 poll.
1387 3121 1586 3229 longorum
1629 3129 1777 3233 pendet.
1822 3125 1909 3210 Pars
1955 3149 2071 3238 prona

799 3254 942 3362 pedum
975 3254 1164 3360 nigricat,
1196 3270 1235 3334 et
1268 3250 1362 3334 cutis
1393 3251 1535 3334 ibidem
1556 3249 1720 3336 tellelata
1738 3253 1820 3358 est,
1865 3253 2073 3364 squamulae

800 3378 967 3488 analoga.
1033 3379 1117 3461 Pars
1148 3379 1277 3487 lupina
1308 3380 1431 3459 veritas
1464 3384 1747 3462 extremitatem
1791 3381 1966 3463 colorem
2020 3381 2078 3466 ni-

798 3530 943 3614 grum,
975 3506 1063 3588 albo
1093 3531 1226 3612 parum
1259 3504 1448 3605 dilutum,
1478 3505 1660 3612 obtinet,
1709 3510 1774 3616 qni
1813 3533 1965 3590 carneus
1987 3510 2076 3590 sete

800 3633 855 3714 est
886 3633 926 3710 io
967 3632 1112 3741 reliquo
1153 3633 1260 3739 pede.
1344 3631 1443 3712 Abit
1490 3635 1529 3712 in
1580 3633 1740 3742 qrrinque
1790 3635 1963 3742 digitos,
2013 3659 2078 3743 per

803 3759 1044 3840 membranas
1062 3759 1206 3839 latiores
1239 3755 1515 3860 cohaerentes,
1548 3781 1585 3840 rt
1615 3764 1654 3842 in
1673 3765 1914 3844 extremitate
1941 3761 2078 3870 angui·

803 3883 894 3966 culis
924 3885 1067 3991 acutis,
1102 3884 1224 3992 magis
1257 3885 1434 3988 aduncis,
1467 3888 1698 3988 albentibus,
1734 3888 1943 3971 inllnrslos.

954 4008 1002 4091 In
1055 4010 1167 4118 pube·
1205 4011 1314 4118 penis
1355 4013 1493 4094 lonrtns
1541 4013 1624 4116 eil,
1677 4014 1760 4122 pilis
1808 4014 2085 4119 albicantibus,

803 4133 1007 4243 breuibus,
1073 4137 1210 4220 obsitus
1251 4145 1301 4233 ἧς
1349 4137 1442 4247 poll.
1500 4139 1676 4246 longus,
1735 4140 1866 4224 obtuso
1904 4163 1944 4226 et
1975 4141 2085 4252 vquast

804 4263 957 4344 abscisso
992 4260 1069 4344 fine
1111 4265 1346 4347 terminatus.
1389 4267 1500 4350 Anus
1536 4266 1667 4348 medio
1708 4267 1806 4350 inter
1844 4269 2006 4372 caudam
2049 4284 2088 4349 et

804 4412 948 4496 penem
996 4390 1083 4474 loco
1126 4389 1252 4497 situs,
1302 4408 1342 4472 et
1391 4393 1439 4478 ab
1486 4411 1646 4504 utroqtre
1684 4407 1717 4494 ξ,
1754 4392 1848 4508 poll.
1920 4395 2091 4499 distans,

1145 4539 1149 4550 '
2008 4545 2087 4606 on·
