4484 5934
498 356 1141 508 ererreueu
1358 432 1456 552 ως

179 653 387 738 deterrere.
454 649 589 758 ,Hinc
638 649 725 752 iliae
771 647 1005 763 quaestiones
1053 648 1275 738 orientur:
1325 665 1462 738 utrum

180 779 453 866 obseruationes
479 781 666 866 eiusmodi
696 777 830 890 rbscrue
862 775 1031 888 periculo
1061 775 1203 864 institui
1220 776 1387 888 poffinti
1418 795 1462 864 et

180 932 305 991 aunon
355 909 629 1016 acorpotibue
670 905 835 1023 materia
867 902 1047 1003 fitlminea
1085 902 1335 990 cicestriiicatir
1381 926 1463 992 tre·

180 1034 338 1119 mendus
370 1035 533 1120 fulmini·
550 1035 715 1121 effeetus
754 1031 948 1146 produci,
981 1048 1022 1114 et
1054 1029 1267 1139 periculum
1293 1031 1462 1145 'impru-

178 1137 388 1246 denriiiima
419 1179 499 1270 arte
529 1164 666 1246 adduci
695 1156 844 1270 poiirti
870 1157 949 1246 Iiie
978 1159 1120 1246 horror
1149 1179 1192 1246 et
1238 1178 1396 1272 metus,
1426 1157 1463 1246 sr

177 1285 311 1374 triceni
343 1289 497 1398 potest,
526 1311 630 1374 cette
664 1313 743 1373 nnn
774 1288 881 1374 aliter
911 1283 1012 1394 fiet,
1042 1285 1112 1372 nifi
1148 1309 1194 1374 rt
1209 1287 1461 1395 ostendatur,

101 1481 129 1498 κ,
174 1413 458 1505 obseruationes
485 1415 675 1504 eiusmodi
704 1411 853 1527 ubsque¹
868 1411 1040 1524 periculo
1063 1413 1208 1501 institui
1246 1415 1377 1526 pnii'e,
1416 1432 1462 1499 et

175 1545 398 1660 remedium
438 1543 594 1648 afferri,
618 1542 671 1630 'ii
717 1541 927 1654 periculum
973 1539 1082 1626 adfit.
1147 1541 1239 1628 Hoc
1268 1539 1462 1652 κιο,ίί
1541 1616 1548 1626 .

172 1669 351 1756 remedio
382 1693 444 1752 res
472 1693 549 1752 nott
579 1685 733 1770 cureat,
766 1665 920 1754 efficere
945 1691 1069 1754 nemo
1100 1669 1275 1780 poterit,
1305 1669 1375 1755 nifi
1390 1668 1461 1782 qui

172 1798 315 1881 multis
344 1819 452 1882 antea
478 1793 801 1880 obseruationibus
822 1814 868 1880 et
883 1796 1129 1905 experientiis
1149 1799 1308 1884 eduam
1329 1797 1460 1910 suerit,

168 1943 313 2012 curet
341 1926 472 2032 quibus
502 1919 568 2006 sub
606 1922 892 2022 circumstantiis
919 1919 1068 2014 iitimen
1097 1925 1489 2042 perictdosumettt·‘

169 2051 254 2136 dat.
330 2049 436 2134 Patet
453 2072 571 2160 ergo
607 2047 689 2132 dati
724 2045 1039 2140 hianouiffimia
1065 2056 1305 2162 temporibtn
1334 2054 1458 2142 etiam

170 2175 585 2283 Physicieoccafiouem
610 2200 710 2286 ,qua
727 2178 986 2268 tonitudinem
1016 2178 1207 2287 quandam
1237 2177 1456 2284 ostendant,
1598 2262 1602 2269 t

167 2325 210 2388 et
254 2307 298 2388 in
332 2326 374 2386 re
414 2304 571 2414 ancipiti
609 2305 820 2388 arrdaeiam.
851 2351 854 2366 ·
888 2301 993 2390 Hinc
1026 2329 1115 2390 eum
1149 2308 1229 2390 mei
1255 2305 1373 2391 officii
1407 2305 1467 2392 fic·
1576 2367 1583 2375 .

165 2431 210 2516 in
243 2455 307 2514 res
333 2432 554 2534 naturales,
581 2435 834 2540 quantumin
865 2456 933 2519 me
961 2429 1047 2537 eii,
1078 2431 1306 2544 inquirere,
1348 2433 1453 2518 nihii

164 2583 239 2645 me
272 2558 326 2642 ab
352 2557 675 2646 obseruationibus
700 2557 1074 2654 eiusmodi-abduxit
1111 2585 1138 2672 ς.
1176 2557 1271 2646 hinc
1304 2558 1451 2646 nullam
1515 2641 1529 2658 ,

161 2687 415 2773 occasionem
448 2685 590 2794 omisi,
618 2711 688 2797 qur
719 2683 971 2772 eletiricitatis
998 2685 1174 2770 mturalie
1209 2686 1454 2797 phaenome·

162 2809 214 2902 na
248 2813 469 2898 noniolum
502 2813 710 2914 obseruare,
729 2811 790 2896 sed
820 2814 942 2898 etiam
973 2813 1201 2921 aliquatenus
1227 2812 1389 2898 definite
1405 2813 1453 2900 ii«

160 2962 293 3030 cerer.
326 2937 413 3026 lam
444 2964 549 3026 anno
575 2936 755 3046 superiori
779 2957 965 3050 expertus
992 2961 1101 3024 eram
1129 2939 1205 3024 fine
1221 2942 1348 3026 indite
1363 2939 1450 3026 ido·

155 3095 282 3174 neo,
314 3068 497 3156 eflectum
528 3063 776 3154 eletiricitetia
813 3063 1005 3152 naturalia.
1074 3063 1167 3150 Hoc
1206 3091 1313 3152 anno
1350 3092 1450 3154 teto

156 3197 305 3284 omnia
336 3194 583 3308 praeparaui,
616 3213 662 3280 tt
678 3190 744 3280 ub
757 3191 1022 3282 determinatis
1034 3192 1449 3311 circumstantie-pirae·

151 3347 342 3414 nomena
372 3317 630 3434 contemplari
667 3320 827 3432 possent.

291 3449 407 3565 Elegi
423 3469 573 3536 catenas
586 3453 674 3535 duaa
689 3447 826 3535 ferreae
850 3449 1084 3562 longitndine
1111 3450 1175 3528 66
1202 3453 1293 3561 ped.
1318 3449 1452 3540 Lenda

150 3601 199 3668 et
232 3579 423 3696 ponderis
450 3606 481 3682 9
511 3579 704 3664 libranum.
768 3576 970 3689 Vtriusque
987 3597 1140 3662 carente
1157 3583 1448 3703 extremitatem

140 3711 324 3808 aiteram
352 3731 406 3792 ex
434 3706 522 3792 fine
550 3701 669 3790 serico
699 3703 748 3789 ad
776 3703 1016 3792 altitudinem
1048 3729 1108 3808 40
1141 3705 1292 3794 circiter
1305 3710 1450 3820 pedum

144 3835 303 3926 Lond.
333 3833 444 3946 super
471 3832 707 3944 superficiem
735 3829 843 3916 fluuii
875 3829 1014 3919 Neuae
1040 3829 1214 3943 suspendi
1228 3899 1241 3944 ,
1255 3857 1299 3920 et
1313 3837 1453 3926 omnia
1479 3896 1485 3912 ,

135 3967 211 4052 ‘ire
247 3957 1003 4072 instant,nep1uuia‚.tmmeetarenm
1034 3959 1140 4043 funee
1166 3945 1273 4047 serici
1291 3981 1363 4067 ,et
1387 3961 1448 4045 tti

144 4113 322 4180 catenae
347 4089 559 4179 commode
590 4087 786 4174 dimittere
815 4107 856 4172 et
887 4087 1037 4174 eleuare
1075 4086 1254 4197 poii'cm:
1285 4089 1447 4174 aiteram

140 4216 460 4306 extremitatem
484 4215 613 4302 debita
637 4216 810 4302 cautione
833 4215 1081 4302 itt-concinne
1096 4277 1109 4319 ,
1126 4215 1192 4298 rbi
1218 4214 1448 4302 obseruatio·

137 4373 226 4440 nes
240 4345 450 4443 intinere
477 4343 696 4455 volebam,
722 4344 855 4453 duxi,
882 4361 923 4431 et
952 4341 1040 4434 fune
1067 4340 1195 4430 serica
1210 4369 1315 4461 cum-
1336 4343 1450 4428 ciano‘

1166 4551 1171 4560 .
1297 4449 1451 4585 fimi
