4484 5934
742 523 776 630 i(
806 545 866 632 ⁴51
904 527 941 632 i(

196 779 285 866 ioca
326 777 487 892 repetit.
551 779 697 866 Ruisrca
739 779 850 889 igitur
898 781 1026 891 lingua
1077 777 1216 863 redies
1266 777 1502 886 Kameinoi,

196 935 316 1020 quarn
350 911 502 1021 Stepnai
536 907 665 994 Buraa
684 911 892 994 dicendum
915 913 1038 1017 esset,
1071 909 1312 1018 quodetiam
1341 910 1380 991 in
1398 910 1504 1016 locis,

201 1038 268 1120 vbi
302 1037 497 1148 perpetuis
522 1036 649 1124 solum
679 1038 833 1146 rupibus
865 1039 1014 1144 scatet,
1045 1035 1210 1147 nullique
1242 1036 1369 1145 campi
1387 1062 1502 1120 rnon-

192 1179 255 1248 tes
285 1167 384 1248 inter
420 1167 576 1271 iacent,
615 1166 661 1248 ad
693 1165 910 1249 Oleumnm
935 1230 946 1270 ,
970 1169 1156 1275 inquam,
1187 1163 1234 1247 ad
1277 1165 1505 1271 Aldanum,

197 1291 382 1400 Maiam,
414 1290 652 1399 ludomam,
685 1292 885 1377 Ochotam
920 1313 958 1376 et
989 1295 1125 1379 Udum
1148 1286 1325 1395 fluuios,
1356 1293 1407 1376 ita
1440 1293 1504 1376 usu

199 1421 333 1504 uenite
360 1421 515 1527 audiui,
544 1447 640 1503 eum
674 1423 857 1532 posterius
883 1406 1045 1504 nomen
1068 1444 1147 1500 non
1180 1421 1247 1503 nist
1277 1423 1323 1502 ad
1340 1418 1471 1505 Irtisch
1490 1456 1523 1521 ‚·

192 1543 333 1631 Obutn
377 1569 416 1632 et
459 1548 661 1632 leniseiam
703 1549 836 1632 fluuios
885 1539 1086 1632 obtineat?
1134 1545 1304 1655 Arguta,
1345 1546 1438 1652 vel,
1475 1545 1504 1632 ii

199 1677 349 1783 mauis,
382 1675 574 1782 archae,
608 1677 887 1786 Mongoiorum
918 1701 962 1760 ac
994 1674 1290 1763 Caimuctomm
1332 1674 1505 1759 uocabu-

198 1797 277 1886 lum
313 1807 452 1909 esi,a
494 1806 681 1912 Tungusn
719 1805 860 1909 etiam,
892 1807 955 1912 qui
989 1804 1222 1890 territorium
1254 1801 1359 1885 urbis
1399 1802 1506 1890 Ner·
1638 1793 1644 1802 ’

196 1925 357 2034 alchimi
375 1929 538 2014 incolunt
560 1993 576 2034 ,
610 1933 853 2038 assumptum.
888 1927 929 2012 Si
947 1933 1049 2014 dicus
1063 1930 1405 2038 Strahlenbergium
1420 1918 1503 2036 (ii)

197 2059 331 2164 Argaii
376 2058 495 2140 cernis
535 2079 818 2157 annumerare,
864 2053 939 2136 ltoc
983 2055 1080 2138 nihil
1119 2058 1206 2165 ost,
1248 2080 1317 2164 pet
1356 2055 1504 2142 hircum

186 2185 315 2298 suum
350 2188 652 2283 (cirenensium
684 2191 819 2290 Μ)
851 2183 1138 2292 interpretatur,
1170 2204 1211 2266 et
1243 2182 1376 2265 inaliis
1407 2206 1504 2293 quo-

194 2336 267 2420 que
298 2309 520 2395 animalibus
552 2335 667 2418 genus
696 2311 892 2419 caprinum
932 2333 1022 2392 curn
1063 2310 1220 2394 ceruino
1266 2311 1504 2420 negligenter

187 2437 401 2528 eonsundit.
466 2434 648 2522 Coniusro
681 2455 811 2522 nutem
853 2463 1038 2546 nusquam
1078 2438 1155 2521 hoc
1195 2440 1287 2525 loco
1330 2437 1503 2546 facilior,

189 2569 283 2676 quia
315 2591 472 2649 reuera
504 2567 643 2650 animal
676 2587 755 2650 tam
790 2591 811 2649 a
844 2589 992 2666 cerno,
1035 2593 1147 2676 quam
1182 2594 1201 2650 a
1245 2591 1359 2676 capra
1398 2568 1504 2652 mul·

202 2715 284 2776 tum
329 2695 554 2804 participat,
605 2716 646 2777 vt
682 2721 735 2776 ex
775 2694 1027 2804 descriptione
1072 2713 1190 2803 patet.
1254 2695 1351 2780 Non
1390 2721 1503 2802 prae-

189 2822 482 2906 termittendum
526 2841 656 2931 puto,
707 2824 806 2932 quod
840 2843 888 2904 ¹et
932 2813 1278 2930 Masersrdmieiiur
1328 2823 1398 2904 Vir
1437 2818 1501 2906 ct.

195 2950 256 3058 qui
296 2951 342 3033 ab
376 2975 478 3034 anno
510 2969 630 3053 17¹9
664 2951 711 3036 ad
730 2977 868 3034 annum
904 2951 1017 3060 usque
1038 2971 1186 3057 1727,
1218 2951 1387 3055 eodem,
1421 2975 1500 3061 quo

191 3133 196 3143 ·
234 3077 413 3185 melinus,
447 3078 601 3180 studio,
635 3080 855 3162 maximam
889 3075 1054 3162 Sibiriae
1089 3099 1240 3188 partem
1259 3080 1503 3187 perlustrauit,

198 3207 236 3286 in
267 3207 409 3290 schedis
444 3210 510 3289 suis
541 3207 714 3288 eiusdem
749 3207 859 3288 huius
892 3208 1069 3290 animalia
1101 3207 1165 3289 sub
1198 3208 1263 3289 die
1295 3203 1372 3288 XI.
1409 3206 1497 3290 Iulii

192 3351 306 3439 1724
344 3335 586 3416 mentionem
620 3334 719 3414 facit.
764 3334 830 3416 Ex
861 3333 1106 3438 Hodegetico
1143 3332 1226 3413 eius
1262 3332 1416 3436 viden,
1452 3333 1499 3416 il-

185 3461 260 3544 ium
295 3482 384 3544 tunc
425 3464 462 3542 in
482 3459 571 3540 uico
605 3457 769 3542 Galkina
801 3459 846 3540 ad
880 3457 1059 3566 luguriam
1091 3459 1245 3541 fluuium
1283 3457 1496 3544 substitisse.

189 3589 243 3673 Ibi
278 3615 374 3698 ergo
416 3585 558 3668 animal
606 3585 749 3690 uidit,
802 3585 1045 3691 delineuuit,
1095 3607 1133 3668 et
1164 3590 1364 3686 exuuias,
1410 3609 1495 3673 tum

189 3721 334 3815 maris,
374 3741 488 3822 quum
520 3712 744 3817 foeminae,
799 3716 978 3820 parauit,
1022 3739 1115 3822 qttas
1164 3713 1389 3823 Petropolin
1447 3718 1497 3800 ad

184 3843 465 3928 Cancellariarn
500 3841 703 3924 Medicam
747 3843 860 3924 mifit.
926 3841 1032 3956 Quid
1066 3843 1114 3925 de
1154 3845 1299 3924 exuuiis
1346 3840 1495 3929 sudium

181 3975 226 4057 fit
261 3976 409 4081 ignoro.
484 3967 773 4052 Delineationes
812 3967 1035 4078 supersunt,
1075 3969 1205 4078 quibus
1244 3996 1348 4054 cum·
1377 3968 1497 4054 Gue-

177 4101 336 4186 Iinianit
369 4097 529 4198 nostris,
582 4097 681 4203 quod
713 4097 761 4178 ad
803 4095 975 4180 habitum
1018 4099 1193 4206 corporis
1231 4102 1396 4201 attinet,
1445 4098 1496 4180 src

180 4230 268 4311 satis
297 4229 505 4326 conuenit,
540 4224 839 4331 magnitudinem
873 4243 1020 4306 tantum
1054 4226 1227 4307 animalis
1246 4225 1339 4308 iusto
1365 4223 1499 4308 moio-

183 4381 311 4460 rem,
353 4373 392 4436 et
424 4375 542 4435 cerno
581 4352 709 4434 adulto
748 4353 823 4436 fere
872 4351 1071 4460 aequalem
1115 4353 1390 4463 raeptesentare
1434 4353 1497 4432 ui«

712 4508 738 4590 g
774 4506 798 4561 2
1364 4482 1503 4564 deutur

175 4614 1491 4654 mutan-mm****

258 4667 317 4762 (*)
344 4667 362 4739 ¹·
388 4693 414 4740 e
