4484 5934
742 555 848 670 270·
885 509 1351 655 summurn
1390 547 1691 646 urrunsa
1727 503 1953 646 nrurs

890 801 989 888 inter
1018 797 1265 886 decrementa
1296 810 1336 877 et
1375 792 1614 880 incrementa
1648 791 1785 882 caloris
1823 790 2035 882 solidorum
2191 772 2192 821 ³

888 949 929 1012 et
962 929 1204 1028 fluidorum,
1237 947 1351 1034 quam
1382 926 1565 1032 proxime
1598 920 1831 1032 exhibebo,
1871 939 2033 1006 conten·

892 1079 982 1160 tus,
1010 1058 1037 1142 fi
1070 1051 1346 1164 plraenomenis
1378 1071 1551 1136 accurate
1580 1045 1776 1163 definitis,
1804 1047 1921 1138 cauus
1937 1054 2036 1136 retis

889 1181 1126 1272 inueniendis
1156 1179 1396 1264 occationem
1435 1177 1590 1264 dedero.
1946 1182 1961 1188 “

766 1484 1328 1694 Tuurnuuu
1367 1566 2010 1692 sonvnronunt
2192 1502 2193 1577 ³

835 1740 900 1834 ΙΝ
919 1743 1171 1839 DIVERSA
1189 1741 1490 1834 TEMPERIE
1509 1745 1594 1832 AD
1613 1743 1943 1841 MENSVRAM

1209 1868 1573 1968 REDVCENDI.

1267 2119 1507 2200 AVCTORB

1045 2301 1100 2388 σ.
1143 2297 1223 2385 W.
1258 2288 1724 2389 urcuutruu.

1329 2565 1366 2666 ς.
1402 2584 1444 2643 r.

739 2687 895 2931 Inter
932 2749 1145 2840 tentamina
1185 2752 1379 2838 rationem
1419 2753 1590 2841 culorum
1619 2751 1799 2866 graduum
1838 2747 2037 2837 Thermo·

823 2887 936 2972 metri
966 2881 1202 2988 definiendi,
1235 2884 1415 2970 ellectum
1447 2885 1640 2968 'solutionis
1670 2884 1929 2992 contemplari
1945 2905 2035 2965 cum

742 3007 1091 3121 circumspectione
1119 3007 1329 3115 constitui,
1360 3031 1406 3094 vt
1437 3010 1652 3121 experirer,
1685 3039 1733 3100 an
1765 3011 1854 3095 inde
1896 3007 2034 3118 aliquid
2194 3070 2196 3091 .

741 3138 968 3227 concludere
998 3133 1167 3222 liceret?
1197 3137 1433 3224 Videbantur
1462 3143 1568 3222 enim
1588 3165 1751 3250 corpora
1769 3137 2037 3246 homogencre
2194 3188 2196 3199 ·

741 3273 928 3356 materiae
963 3333 975 3372 ,
1022 3265 1190 3376 nequalia
1230 3283 1271 3348 et
1300 3263 1437 3352 similit
1470 3269 1511 3350 in
1544 3267 1711 3352 soluente
1739 3268 1911 3379 quodam
1946 3289 2034 3347 con
2194 3334 2195 3343 t

741 3395 869 3484 nantis
900 3395 1150 3508 quantitatis,
1188 3394 1360 3477 diuersae
1394 3417 1524 3480 tamen
1554 3398 1756 3508 temperiei
1788 3395 1869 3508 pati
1900 3392 2035 3476 debete

740 3525 925 3611 solutione
967 3525 1212 3608 decrementa
1250 3526 1466 3633 ponderum
1515 3526 1557 3606 in
1605 3529 1750 3609 ratione
1797 3523 2034 3607 celeritatum

653 3683 656 3688 ·
739 3653 1007 3766 panicularum
1041 3649 1218 3734 soluentis
1250 3677 1272 3734 a
1305 3649 1436 3736 calore
1469 3655 1707 3762 agitantum.

894 3779 930 3879 ς.
967 3804 1008 3858 2.
1047 3777 1161 3861 Hunc
1194 3781 1236 3861 in
1267 3775 1387 3863 finem
1423 3781 1505 3864 fieri
1524 3787 1651 3866 curaui
1680 3809 1729 3866 ex
1759 3781 1831 3868 lale
1855 3803 2033 3890 gemmae

742 3905 929 4012 cubulos,
961 3928 1143 4016 quantum
1178 3905 1262 3991 fieti
1292 3911 1451 4019 potnit,
1483 3909 1653 3992 exustos.
1684 3909 1812 3993 bruna
1844 3905 1949 4008 salit,
1982 3929 2035 3990 ex

742 4033 873 4143 quibus
900 4033 1022 4118 cubuli
1053 4033 1221 4118 conlecti
1253 4056 1391 4142 erant,
1423 4035 1648 4120 videbantur
1671 4033 1751 4120 latis
1775 4035 2037 4144 humogcner.
2081 4073 2089 4082 ·

741 4161 894 4249 Pondus
925 4165 1040 4247 vnius
1070 4161 1196 4246 cubuli
1229 4165 1268 4247 in
1302 4166 1447 4249 bilance
1477 4162 1744 4249 accuratissima
1784 4230 1797 4271 ,
1844 4186 1939 4269 quae
1975 4164 2040 4245 ad·

742 4291 832 4376 clitis
874 4289 959 4400 poll
1003 4289 1265 4402 aequilibrium
1312 4303 1349 4397 {a
1388 4291 1556 4400 partibus
1596 4297 1705 4401 grani
1742 4288 1900 4376 mobilis
1928 4307 2039 4396 ctat,

745 4419 1039 4531 ponderatum,
1082 4440 1162 4503 erat
1205 4427 1307 4517 163.
1349 4443 1455 4528 gran.
1499 4439 1540 4500 et
1569 4420 1721 4504 alterius
1743 4429 1871 4523 ¹195}
1903 4442 2038 4525 grene

744 4571 851 4636 nun.
917 4543 1017 4636 Cubi
1046 4549 1204 4640 maioris
1232 4551 1326 4638 latus
1360 4566 1442 4637 ettt
1477 4553 1586 4655 056
1617 4549 1697 4664 dig.
1724 4544 1854 4638 lond.
1889 4545 2045 4636 circiter

1986 4691 2029 4760 bl
