4484 5934
293 503 862 659 rn‘oentnnmm
892 442 1328 619 rennuente.
1356 541 1463 631 m
1575 484 1582 494 ’

175 771 243 860 bus
273 769 456 859 munatio
478 771 697 861 -solidomm
729 770 971 885 consequatur
1005 841 1018 885 ,
1065 798 1277 887 eorumque
1323 776 1470 890 praeci·

174 926 253 1011 pue
286 903 541 1012 proprietates,
565 900 811 989 demonstrari
854 920 1001 1013 queant.
1084 902 1134 988 ln
1180 926 1259 1012 quo
1307 908 1467 1013 negotio
1541 1008 1548 1021 Ι

175 1030 349 1113 maxime
377 1030 525 1113 mirum
556 1032 681 1114 visttm
712 1026 795 1120 est,
826 1031 933 1139 qttod
959 1050 1052 1115 cum
1084 1027 1354 1117 stereomenia
1386 1036 1466 1117 iam

174 1179 196 1237 a
228 1174 292 1237 tot
322 1154 449 1239 seculis
478 1180 596 1267 aeque
627 1182 672 1240 uc
701 1147 924 1241 Geometiin
955 1157 1002 1241 fit
1032 1156 1215 1266 exculta,
1245 1158 1326 1245 eim
1337 1177 1469 1243 tumen

173 1278 301 1389 prima
333 1280 434 1392 quad
475 1280 665 1368 elementa
693 1281 818 1367 adnue
845 1280 966 1370 edent
979 1285 1201 1397 incognita,
1229 1308 1351 1398 neque
1368 1286 1469 1396 quia·

173 1432 289 1515 qnam
317 1412 359 1492 in
381 1428 465 1494 tum
481 1412 604 1519 longo
635 1410 825 1520 temporis
856 1410 1057 1496 interemto
1071 1410 1118 1497 fir
1151 1412 1353 1520 inuentus,
1402 1413 1469 1522 qui

178 1558 219 1616 ee
242 1536 497 1644 inuestigare,
523 1556 636 1645 atque
666 1539 710 1621 in
739 1537 924 1621 ordinem
939 1537 1109 1648 redigere
1131 1538 1174 1624 fit
1191 1558 1360 1623 conatm.
1378 1536 1468 1623 Hoc

170 1677 304 1764 nutem
339 1652 470 1746 lubere
499 1658 704 1771 suscepto,
730 1658 828 1745 cnm
854 1660 981 1772 plures
1011 1664 1173 1776 insignes
1200 1664 1470 1775 proprietates,

167 1810 267 1894 qnae
298 1788 479 1874 omnibus
507 1787 734 1898 corporibus
755 1786 888 1873 nenne
913 1790 1039 1900 planis
1057 1792 1248 1892 contentis
1261 1788 1340 1876 suut
1355 1812 1470 1878 cum·
1518 1878 1521 1909 ,

166 1938 342 2021 munes,
373 1912 626 2019 detexiffem,
659 1934 699 1997 et
728 1937 829 2022 qnae
857 1917 1034 1999 omnino,
1062 1918 1203 2004 ssmiles
1244 1920 1470 2007 videbantur

169 2062 338 2144 eurum,
371 2062 465 2147 quae
495 2041 592 2121 inter
621 2039 814 2122 elementa
853 2039 1060 2147 figurarum
1091 2046 1289 2151 pltunmm
1323 2046 1471 2131 redili-

170 2186 327 2248 nentum
360 2163 491 2247 referri
518 2162 671 2270 solent,
702 2186 787 2248 non
812 2162 891 2249 fine
920 2162 1073 2252 stimma
1102 2169 1354 2254 admiratione
1394 2173 1468 2257 de·

170 2290 385 2400 prehendi,
417 2290 636 2401 praecipuas
663 2314 799 2375 eanum
852 2290 1054 2403 tantopere
1100 2291 1182 2379 effe
1229 2294 1466 2405 reconditas,

170 2436 218 2499 vt
251 2436 333 2502 tum
356 2420 557 2524 ⁴temporis
587 2442 707 2504 omne
736 2416 900 2505 studium
929 2420 1116 2507 incorum
1140 2422 1469 2512 demonstratione

170 2546 336 2629 entendn
374 2544 502 2629 frustra
540 2542 825 2657 impendiffem.
897 2544 1038 2657 Neque
1081 2549 1199 2635 etium
1238 2552 1287 2636 ab
1336 2553 1470 2637 amicis
1542 2643 1555 2663 ,

170 2674 212 2755 in
243 2671 302 2755 his
334 2670 446 2755 rebus
491 2672 582 2759 alias
625 2671 899 2773 verditiffimis,
930 2674 1152 2784 quibuscum
1186 2676 1266 2761 illus
1294 2673 1466 2791 pmpric-

169 2816 264 2883 tates
292 2799 679 2885 communicaueram
707 2802 916 2911 quicquum
945 2798 1102 2885 lumiiuis
1127 2802 1229 2892 mihi
1260 2806 1313 2889 est
1328 2832 1468 2891 aecen-

166 2926 280 3027 firm,
313 2926 418 3010 vnde
446 2924 518 3011 hau
541 2927 879 3012 demundmtionm
906 2926 1130 3014 defideratus
1155 2928 1303 3016 haurire
1321 2924 1469 3043 potuin-

149 3050 261 3139 .sem.
328 3049 671 3164 contemplatione
705 3056 815 3139 enim
852 3052 1016 3164 piotitun
1046 3080 1255 3169 corporum
1280 3077 1466 3169 generum

164 3204 217 3263 eo
247 3180 331 3267 snm
364 3182 571 3284 dedustum
603 3200 651 3265 vt
668 3182 951 3292 proprieeites,
983 3208 1072 3295 quas
1088 3184 1128 3268 in
1161 3186 1235 3269 iilis
1250 3187 1467 3295 deprehen.

163 3310 336 3413 derum,
388 3313 435 3395 ud
486 3312 622 3393 omnia
654 3309 768 3419 plnne
806 3329 971 3417 corpora
1010 3326 1140 3419 patere
1173 3310 1466 3408 intellexissem.

162 3436 315 3521 etiami}
345 3436 385 3519 id
414 3435 514 3522 mihi
543 3436 662 3545 rigida
701 3434 1025 3521 demonstratione
1064 3440 1260 3521 ostendere
1296 3461 1375 3523 non
1414 3444 1467 3526 ii·

160 3564 328 3676 cniiiet3
361 3564 485 3675 ficque
516 3562 601 3647 istae
627 3564 874 3673 proprietates
904 3562 946 3643 iu
974 3584 1062 3647 enm
1079 3566 1284 3649 ueritatem
1308 3566 1462 3654 cladem

158 3691 375 3777 reddendas
398 3689 632 3796 censebam,
665 3713 759 3802 qnos
784 3686 1076 3798 nobis.qnidem
1110 3692 1342 3803 agnoscere,
1383 3716 1466 3785 nun

153 3842 258 3903 uero
289 3820 550 3903 demonstrate
576 3814 675 3901 effet
711 3810 949 3901 concessum.

280 3944 506 4030 Solidomm
530 3937 662 4029 autem
681 3946 931 4055 proprietates
946 3944 1159 4053 generales,
1183 3950 1461 4060 quaedemen·
1487 4030 1489 4034 .

148 4072 344 4157 stmtione
377 4073 503 4157 adhuc
534 4072 737 4182 indigent,
777 4073 824 4155 ab
864 4092 941 4150 vna
990 4075 1189 4179 pendent,
1239 4077 1309 4159 ita·
1342 4092 1386 4160 ut
1414 4160 1417 4165 ,
1427 4080 1461 4171 sn

142 4200 261 4285 hanc
288 4201 553 4286 demonstrare
568 4198 727 4307 liceret,
758 4197 924 4298 cunda,
958 4221 1053 4305 quae
1083 4200 1460 4309 exhibulf,1Stereo-

142 4332 324 4413 metria'e
370 4329 709 4435 elementumque
752 4320 891 4409 edent·
911 4320 1091 4433 firmate,
1124 4344 1235 4438 etque
1270 4330 1460 4425 elementa

138 4449 433 4543 Geometriue.
454 4454 666 4567 Proprietas
672 4478 767 4539 uero
783 4452 851 4537 istu
869 4452 1043 4540 nondum
1060 4454 1317 4541 demonstmta
1333 4522 1346 4567 ,
1364 4481 1460 4568 qaue

780 4577 809 4672 S
843 4600 868 4679 a
1333 4587 1462 4699 pluton
