4484 5934
1044 539 1137 636 V
1306 555 1500 683 lircil

754 841 822 921 ur
866 831 977 918 vnn.
1029 837 1185 922 tucn.
1243 839 1403 924 conss.
1448 843 1493 921 n
1544 838 1593 918 n.
1634 839 1887 919 mierum.
1945 820 2054 944 (με
2160 803 2169 812 ’

753 955 834 1068 ipse
865 951 1017 1040 Audtor
1048 956 1097 1043 de
1145 953 1223 1040 boc
1272 956 1476 1064 sermone,
1502 977 1592 1039 cum
1632 951 1773 1036 eodem
1820 974 1925 1036 anno
1955 957 2054 1063 typis

698 1075 701 1080 ’
751 1080 1061 1192 exscriberetur,
1119 1082 1160 1167 in
1205 1081 1438 1194 praefatione
1487 1079 1744 1180 obseruari,
1795 1080 1920 1190 magis
1961 1105 2052 1188 ea,

751 1235 848 1322 quae
893 1209 1012 1318 dixi,
1058 1208 1251 1296 illustrant.
1278 1207 1412 1320 „Hoc
1439 1211 1479 1294 in
1526 1208 1629 1292 rotis
1658 1226 1768 1309 erat,
1814 1208 1964 1316 inquit,
2008 1225 2055 1294 rt

681 1337 683 1346 ’
749 1391 778 1442 „
793 1336 1004 1424 iudicarent
1029 1341 1244 1447 auditores,
1282 1361 1331 1424 an
1360 1334 1502 1422 carenti
1535 1333 1706 1421 scultare
1736 1333 1932 1420 hauriendi
1947 1359 2055 1444 prae-

747 1523 778 1575 „
798 1483 907 1576 cepta
955 1464 978 1548 a
1039 1463 1269 1574 sapientibur
1308 1465 1389 1551 auri
1444 1451 1762 1550 accommodatae
1800 1459 2055 1576 instillanda,

749 1653 777 1704 „
794 1613 878 1678 vox
936 1587 1138 1703 superesset
1193 1591 1275 1678 aliia
1321 1592 1441 1678 animi
1490 1591 1586 1676 sensa
1631 1589 1851 1676 insinuando
1899 1588 2052 1675 idonea.
2223 1634 2224 1639 Ν

752 1777 781 1832 ,,
801 1717 890 1804 Hoc
945 1719 1111 1806 obtento
1166 1716 1287 1817 lactor
1342 1715 1532 1807 abiisem.
1612 1713 1690 1802 Sed
1738 1713 2056 1826 beneuolentia,

750 1903 779 1960 „
795 1869 867 1932 nec
905 1845 1079 1958 opinanti
1115 1911 1129 1953 ,
1181 1846 1326 1955 plausus
1374 1847 1495 1932 dedit.
1542 1837 1636 1930 Imo
1683 1844 1851 1929 auditam
1888 1843 2059 1955 benigne

591 1957 596 1968 ’
748 1970 1014 2084 „orationem
1035 1973 1135 2058 teile
1153 1969 1189 2056 se
1206 1993 1246 2059 et
1275 1972 1471 2086 perlegere
1488 1971 1610 2056 testati
1639 1971 1724 2056 strnt
1755 1971 1830 2058 riri
1850 2031 1865 2078 ,
1884 1993 2055 2081 quorum

747 2100 877 2210 „iussa
910 2099 1010 2214 sequi
1047 2099 1229 2209 debeo„
1260 2099 1401 2186 Altero
1429 2099 1516 2211 poll
1545 2084 1674 2204 anno,
1705 2095 1867 2208 quierat
1906 2113 2057 2212 1738,

743 2223 920 2316 summor
956 2227 995 2314 in
1040 2224 1234 2316 Medicina
1277 2227 1443 2315 bonores
1477 2222 1697 2312 consecutus
1736 2225 1820 2333 est,
1854 2225 2056 2336 publicato

744 2353 949 2463 specimine
981 2352 1186 2466 inaugurali
1217 2353 1265 2441 de
1296 2352 1486 2462 Scirrho,
1526 2351 1631 2466 quod
1659 2351 1685 2438 li
1712 2367 1916 2465 aegrorum
1957 2351 2056 2440 salu·
2105 2398 2107 2405 v
2222 2415 2225 2425 ·

744 2481 793 2568 tis
825 2481 923 2570 tatio
961 2481 1046 2588 est,
1094 2480 1255 2593 optimis
1293 2484 1372 2570 eius
1409 2481 1553 2595 scriptis
1588 2482 1827 2567 annumerari
1864 2499 2055 2569 meretur.
2223 2504 2224 2554 z

745 2603 856 2698 Nam
890 2605 967 2697 hoc
999 2605 1035 2696 se
1063 2608 1180 2695 talem
1212 2607 1378 2698 irtumm
1411 2609 1612 2723 probauit,
1644 2605 1761 2718 qualis
1792 2607 2054 2715 postmodum

604 2815 606 2824 ,
741 2758 871 2823 reuera
912 2733 1057 2822 exstitit
1093 2764 1106 2850 3
1139 2735 1340 2825 Medicum
1388 2761 1534 2851 nempe
1565 2734 1715 2823 theoria
1760 2759 1843 2820 non
1891 2738 2057 2846 minus,
2223 2804 2225 2815 .

741 2887 857 2976 quam
899 2864 1044 2976 praxi,
1095 2863 1387 2974 excellentem,
1437 2862 1717 2978 experientiam
1757 2859 1847 2948 cuni
1895 2857 2055 2950 ratione
2223 2878 2225 2940 r

740 2991 942 3102 prudenter
971 2987 1305 3105 coniungentem,
1336 3009 1459 3079 artem
1493 3014 1642 3107 quoque
1669 2980 1932 3102 Chirurgitam
1968 3015 2059 3079 non

740 3113 961 3230 indignam,
989 3143 1084 3228 quae
1114 3144 1136 3204 a
1170 3117 1333 3208 Medico
1365 3118 1588 3220 addiscatur,
1621 3134 1876 3228 reputantem.
1909 3114 2059 3205 Nemo
2222 3172 2224 3201 2

738 3244 895 3354 credat,
924 3243 1117 3360 specimen
1151 3245 1227 3334 hoc
1247 3245 1393 3356 publice
1409 3269 1463 3331 ex
1481 3245 1657 3333 cathedra
1689 3246 1918 3333 ventilatum
1955 3243 2059 3334 effe.

738 3365 904 3458 Surdltar
921 3369 1106 3467 eunom,
1140 3397 1220 3484 quo
1239 3375 1365 3460 minus
1379 3373 1418 3456 id
1436 3369 1519 3479 fieri
1536 3373 1723 3484 potuerit,
1739 3371 1893 3483 obsistit,
1932 3369 2060 3458 Prae·

737 3513 839 3593 terea
856 3495 1015 3584 mosell
1032 3497 1071 3582 in
1082 3489 1232 3610 Belgio,
1250 3515 1295 3580 vt
1312 3497 1429 3582 etiarn
1447 3495 1522 3582 titre
1539 3513 1620 3580 tam
1639 3519 1868 3606 praegnante
1882 3501 2061 3612 ratione,

734 3622 922 3735 colloquia
965 3621 1110 3734 priuata
1147 3621 1436 3736 disputationum
1473 3621 1708 3732 publicarum
1749 3628 1856 3709 nicee
1888 3623 2063 3714 obtine-

736 3766 814 3836 ant.
881 3747 939 3840 Et
970 3747 1059 3857 quid
1091 3745 1159 3832 hic
1196 3773 1294 3859 opus
1328 3767 1410 3832 crat
1437 3745 1590 3837 multisl
1645 3771 1734 3833 cum
1753 3751 2061 3844 Promotoribne

735 3873 883 3963 abunde
901 3873 1107 3978 constaret,
1125 3874 1291 3963 honores
1306 3898 1386 3960 non
1402 3874 1442 3960 iu
1460 3875 1659 3989 indignum
1674 3874 1855 3963 collatum
1872 3877 1934 3963 iri.
1955 3880 2062 3966 No·

738 4020 820 4089 tatu
852 4001 1043 4118 dignum,
1074 4002 1179 4113 quod
1197 4005 1339 4087 eodem
1368 4003 1460 4102 die,
1491 4005 1557 4116 qui
1574 4001 1810 4110 ventilationi
1827 4005 2062 4118 speciminis

736 4129 939 4216 destinatur
970 4146 1077 4238 erat,
1107 4129 1171 4216 die
1202 4129 1339 4220 scilicet
1371 4127 1536 4220 XXIII.
1569 4126 1837 4248 Septembris,
1867 4124 2061 4244 Magnus

731 4253 964 4349 Boerhattius
1010 4279 1063 4346 ex
1112 4255 1185 4345 hac
1242 4259 1322 4343 vita
1378 4259 1598 4368 emigraret.
1674 4257 1751 4345 Hic
1798 4259 1921 4345 adbuc
1979 4259 2065 4350 sal.

629 4453 632 4460 .
735 4407 831 4491 rus,
860 4381 1042 4492 iusserat,
1077 4401 1152 4493 vt,
1182 4386 1269 4501 quia
1301 4382 1463 4472 mascula
1493 4383 1602 4500 prole
1632 4388 1811 4494 carebat,
1843 4386 1960 4498 ipsius
1992 4415 2062 4497 ,ex

730 4503 862 4598 sorore
895 4533 1016 4622 nepos
1049 4509 1286 4600 isemerinus
1302 4511 1455 4617 Isana,
1484 4515 1546 4623 qtu'
1573 4531 1661 4600 tunc
1689 4512 1817 4623 Hagae
1832 4509 2063 4609 Comitum

733 4631 974 4734 Medicinam
995 4641 1214 4754 exercebat,
1229 4635 1468 4737 maraon·
1483 4663 1630 4735 nomen
1644 4641 1853 4735 astrueret.
1902 4641 2062 4862 ltague

1506 4787 1515 4799 ⁸
1571 4800 1576 4813 ’
1912 4795 1975 4860 no
2013 4799 2064 4867 01
