4484 5934
361 493 775 614 troarnum
840 514 1265 612 rtrrrartsrr
1396 475 1454 626 '42

588 777 1038 868 SOLVTIO.

316 969 373 1059 Sit
395 1003 457 1062 aa
483 1001 569 1060 acea
595 973 803 1084 superficiei
830 973 982 1083 planae,
1001 999 1096 1084 quae
1124 976 1206 1057 rim
1225 976 1329 1056 uenti
1357 977 1458 1056 exci-

164 1103 226 1212 pit
244 1168 257 1210 ,
274 1121 314 1186 et
334 1093 377 1212 Φ
395 1106 548 1214 angulus
567 1165 577 1206 ‚
611 1127 725 1211 quem
745 1104 850 1185 uenti
868 1103 1028 1186 diredtio
1045 1129 1133 1186 curn
1152 1101 1227 1185 hoc
1261 1100 1378 1211 plano
1409 1101 1462 1183 sa-

165 1232 244 1314 tit:
278 1249 363 1314 tum
396 1259 493 1316 uero
524 1231 567 1314 lit
599 1231 623 1315 lt
653 1229 814 1312 altitudo
845 1230 968 1312 debita
994 1230 1184 1313 celeritate
1200 1230 1338 1333 uenti.v
1373 1225 1462 1315 Iam

163 1357 193 1440 sa
215 1379 348 1442 uenurs
365 1357 722 1470 perpendiculariter
740 1358 1002 1466 impingeret,
1021 1357 1117 1442 soret
1134 1359 1211 1439 eius
1227 1359 1286 1440 uis
1302 1359 1464 1464 aequalis

159 1485 329 1593 ponderi
345 1487 545 1571 columnae
578 1508 707 1568 aereae
733 1547 746 1590 ,
776 1487 878 1567 cuius
895 1485 986 1568 basis
1004 1484 1048 1568 lit
1067 1511 1124 1566 :2
1143 1511 1213 1568 aa
1243 1504 1282 1567 et
1300 1483 1463 1569 altitudo

160 1637 215 1694 ··.::
260 1614 285 1700 k
313 1640 326 1724 3
364 1612 425 1698 seu
442 1614 540 1710 haec
566 1612 626 1694 uis
652 1610 751 1709 esset
784 1611 948 1722 aequalis
980 1612 1141 1724 ponderi
1165 1612 1302 1696 massae
1320 1609 1462 1717 aereae,

161 1739 268 1824 cuius
308 1741 496 1856 uolumen
525 1765 585 1846 h:
602 1763 629 1820 a
649 1765 677 1821 a
691 1737 727 1824 lt.
795 1737 938 1824 Verum
988 1759 1146 1852 propter
1193 1739 1462 1850 obliquitatem

162 1863 347 1974 impulsus
376 1865 473 1951 haec
505 1867 564 1949 uis
592 1865 751 1948 diminui
782 1865 897 1948 debet
934 1868 975 1949 io
1015 1865 1163 1952 ratione
1203 1865 1301 1951 finus
1349 1868 1466 1950 totius

164 1996 208 2076 acl
240 1993 367 2078 finum
401 1989 522 2100 anguli
558 1981 633 2096 Φε
671 1991 799 2098 poslto
829 2015 922 2099 ergo
953 1993 1032 2076 liuu
1071 2010 1160 2074 toto
1203 2019 1347 2099 ει,
1400 1996 1463 2076 uis

163 2122 268 2204 uenti
303 2121 343 2202 in
375 2113 611 2229 superficiem
643 2117 883 2226 propositam
917 2143 945 2200 a
961 2144 990 2201 a
1032 2116 1229 2202 celeritate
1268 2120 1461 2203 altitudini

164 2250 186 2333 l
216 2248 380 2351 debita,
414 2266 454 2329 et
485 2244 547 2328 sub
580 2244 717 2352 angulo
749 2233 856 2350 :sb
890 2243 1084 2330 incidentis
1115 2244 1332 2357 aequabitur
1361 2271 1457 2358 potr·

163 2374 246 2458 deri
285 2376 422 2458 massae
461 2393 621 2477 aereae,
650 2373 755 2457 cuius
802 2373 990 2457 uolumen
1049 2396 1107 2452 :
1124 2399 1152 2458 a
1168 2374 1236 2461 alc
1267 2374 1332 2459 sto.
1384 2363 1458 2481 Φ’,

162 2501 345 2612 huiusque
375 2500 434 2585 uis
472 2497 636 2586 directio
672 2509 861 2612 perpetuo
909 2501 957 2586 ad
1005 2499 1166 2612 planum
1216 2500 1459 2616 propofimm

167 2627 224 2713 est
256 2627 463 2714 normalis.'
500 2628 562 2746 Q.
629 2623 682 2718 E.
745 2626 780 2718 Ι.
949 2619 964 2650 ’

549 2885 1075 3025 scuotrou.

301 3109 344 3166 a.
379 3083 461 3170 Etsi
500 3079 639 3168 solutio
669 3080 780 3170 huius
810 3085 1055 3198 problematis
1085 3083 1171 3170 satis
1202 3085 1384 3197 superque
1399 3089 1455 3173 ell

164 3225 286 3319 nota,
321 3233 450 3297 tamen
483 3211 531 3296 ab
563 3235 614 3295 eo
644 3215 793 3298 initium
828 3215 961 3295 ducere
993 3213 1047 3296 est
1080 3212 1238 3315 visum,
1269 3235 1315 3295 ut
1346 3238 1455 3296 men-

162 3337 261 3418 suras
281 3339 506 3447 ·absolutas‚
539 3342 670 3450 quibus
702 3341 1009 3449 insequentibus
1031 3357 1119 3422 utar
1152 3338 1354 3426 distinslius
1382 3365 1452 3423 ex·

155 3449 305 3574 plicare
338 3467 463 3552 liceat.
528 3465 701 3556 Primum
742 3468 856 3575 igitur
903 3467 1086 3576 grauitate
1132 3464 1307 3576 specifica
1356 3470 1454 3554 aeris

156 3595 316 3706 cognita
349 3595 443 3682 baec
476 3597 533 3677 uis
565 3595 612 3679 ad
646 3595 841 3704 cognitam
877 3594 1094 3704 ponderum
1144 3596 1361 3679 mensuram
1392 3614 1459 3679 re·'

154 3719 330 3832 ducitur3
364 3721 515 3808 tametst
545 3747 644 3806 uero
674 3719 832 3806 densitas
871 3723 965 3806 aeris
997 3722 1106 3807 ualde
1134 3722 1191 3805 est
1232 3721 1456 3833 variabilis,

152 3871 199 3930 ea
219 3847 451 3961 plemmque
470 3848 724 3959 octingenties
755 3851 884 3931 minor
916 3847 1166 3956 aestimatur,
1195 3877 1311 3960 quam
1329 3851 1455 3943 densi·
1484 3929 1487 3934 .

151 3995 208 4058 tas
225 4003 354 4087 aquae
376 3979 399 4088 3‘
423 3979 526 4061 unde
543 3977 569 4061 sr
586 3978 746 4061 formula
764 3979 862 4062 aab
877 3979 945 4062 fin.
965 3965 1023 4082 (13²
1053 4002 1123 4088 pec
1153 3989 1238 4062 800
1258 3964 1458 4084 diuiduum,

148 4107 349 4213 reperitur
376 4105 559 4191 volumen
583 4129 726 4214 aquae,
759 4107 862 4189 cuius
895 4106 1055 4216 ponderi
1075 4104 1133 4188 vis
1149 4105 1303 4192 inuenta
1317 4132 1450 4218 aequa·

148 4247 237 4344 ro13
274 4235 381 4341 quod
406 4233 433 4316 fi
463 4233 503 4314 in
523 4231 834 4344 pedibuscubic'is
850 4234 1104 4344 exprimitur,
1135 4228 1247 4317 sicile
1279 4235 1328 4321 'ad
1344 4233 1458 4321 libras
1544 4283 1547 4288 ·
1632 4234 1635 4238 ’

141 4359 352 4444 reducitur
383 4361 585 4446 tribuendo
618 4359 743 4460 7otb
782 4359 928 4470 singulis
957 4361 1115 4474 pedibus
1143 4363 1284 4448 cubicis
1327 4368 1457 4474 aquae.
1476 4359 1488 4376 ’“
1682 4369 1692 4382 ’

141 4491 280 4610 Quod
313 4489 453 4600 deinde
483 4491 532 4577 ad
556 4487 799 4578 vceleritatem
842 4491 951 4578 uenti
996 4487 1137 4578 attinet
1154 4527 1176 4603 2·
1198 4515 1243 4580 ea
1265 4518 1346 4608 pet
1373 4493 1454 4600 spa·
1481 4522 1486 4529 ·

47 4648 48 4665 Ν
761 4615 855 4705 Fa
1353 4623 1453 4710 dum
