4484 5934
761 555 822 630 σε
1001 525 1833 643 DECONSTRVCTIONE'

770 841 862 922 dum
897 801 1328 957 :Q—ffff-ffis-dy
1362 830 1479 934 VV,
1514 851 1553 913 et
1599 813 1842 959 momentum
1900 824 2062 909 aetionis

768 998 925 1078 erit:
871 965 1296 1108 ·-Ψ-Π-ῥὲ
1316 996 1437 1078 ‚VV
1456 989 1802 1105 ,quodreperitut
1829 988 2072 1085 sementem,

771 1168 853 1234 tum
908 1153 1121 1262 potentiale
1172 1179 1240 1260 per
1272 1194 1323 1269 7
1362 1153 1648 1261 multiplicatur.
1726 1143 1780 1232 Vt
1822 1166 1955 1229 autem
2004 1170 2060 1230 ex
2207 1138 2208 1143 Ν

771 1281 910 1360 viribus
952 1279 1011 1362 his
1050 1279 1339 1370 elementaribus
1376 1277 1572 1362 eliciantur
1606 1282 1704 1363 uires
1735 1267 1862 1359 finitae
1893 1300 1947 1357 ex
1977 1295 2060 1358 tota

771 1404 852 1488 alae
886 1406 1081 1516 superficie
1115 1406 1294 1490 oriundae
1311 1427 1517 1516 ,ponatur
1550 1409 1743 1516 primore
1783 1401 1985 1519 constans,
2017 1422 2059 1486 et

772 1546 994 1642 quaerantur
1025 1533 1223 1658 integralia
1254 1557 1307 1616 ex
1341 1533 1415 1617 sola
1448 1536 1697 1620 variabilitate
1738 1533 1855 1642 ipstu's
1881 1559 1916 1632 y
1954 1529 2061 1614 tesul

773 1663 888 1742 tantia
909 1681 1112 1771 ,tumque
1136 1692 1167 1770 y
1198 1663 1245 1746 ad
1279 1679 1399 1745 totam
1418 1663 1535 1745 alae·
1515 1664 1752 1747 latitudinem
1783 1655 1950 1743 abstilsae
1968 1654 2063 1743 CX

772 1788 1061 1896 respondentem
1096 1791 1353 1893 extendatur,
1385 1813 1465 1898 quo
1493 1787 1613 1873 ladio
1636 1789 1796 1876 formula
1837 1789 2013 1882 denuo
2002 1813 2060 1869 rn-

773 1929 942 2025 tegretut
981 1937 1060 1998 ex
1074 1916 1326 1999 variabilitate
1368 1915 1549 2038 ipsiusn-
1517 1935 1771 2040 x,tumque
1798 1942 1829 2002 x
1859 1915 1906 2000 ad
1938 1933 2064 1998 totam

776 2041 858 2122 alae
898 2009 1180 2152 longitudinem
1216 2043 1476 2150 extendatur,
1498 2047 1640 2154 suque
1680 2065 1790 2127 tam
1804 2046 1902 2128 uires
1941 2067 2062 2154 quarn

775 2191 906 2315 earum
960 2189 1164 2257 momenta
1213 2194 1287 2279 pro
1334 2191 1414 2257 tota
1458 2172 1541 2257 alae
1578 2172 1772 2313 superficie
1817 2172 2063 2260 inuenientur

827 2461 830 2466 ·
946 2453 952 2467 ·
1160 2419 1200 2510 C
1231 2427 1273 2513 0
1304 2429 1343 2516 R
1373 2427 1415 2513 0
1446 2428 1483 2514 L
1513 2427 1563 2516 L.
1636 2443 1741 2517 15·

916 2644 975 2702 aa
1027 2606 1161 2728 Vires,
1195 2645 1293 2730 quae
1324 2621 1530 2704 secundum
1563 2619 1790 2711 direc'tioues
1806 2611 1893 2706 ZY
1926 2617 1967 2701 et
1985 2610 2065 2701 YI

774 2738 877 2828 alam
909 2747 1139 2853 sollicitant,
1169 2747 1267 2830 nihil
1300 2745 1500 2830 conserunt
1524 2752 1570 2851 ad
1587 2764 1742 2832 motum
1775 2747 1864 2830 alae
1877 2745 1940 2831 uel
1956 2769 2067 2830 acce·

777 2869 981 2966 trandum.
1006 2875 1070 2962 vel
1086 2874 1383 2981 retardandum,
1410 2873 1473 2961 sed
1491 2879 1598 2986 prior
1611 2879 1659 2959 ad
1691 2874 1791 2960 alam
1822 2873 1870 2958 ab
1894 2895 1970 2958 axe
1997 2865 2062 2958 al>

778 3002 1069 3110 rumpendam,
1109 3003 1226 3086 altera
1253 3025 1362 3085 -rero
1389 3004 1441 3088 ad
1477 3003 1577 3086 alam
1615 3001 1850 3087 euellendam
1879 3020 2084 3087 conrnun-
2170 3105 2175 3112 .

777 3129 940 3240 exerit3
974 3131 1077 3214 tude
1110 3130 1215 3214 alam
1247 3131 1331 3213 sartis
1360 3127 1526 3214 firmiter
1543 3133 1618 3214 axi
1648 3131 1811 3214 infixam
1838 3131 1913 3213 ede
1939 3153 2068 3238 opor-

785 3271 874 3362 tet,
904 3255 1037 3340 uthis
1066 3257 1392 3342 uiribusreststere
1423 3259 1564 3341 ualeat.
1618 3255 1931 3341 Inhuncfinem
1960 3253 2085 3341 sulii-‘-

781 3383 835 3464 cit
864 3382 949 3466 istas
974 3386 1074 3468 ulter
1104 3388 1307 3493 proxime
1319 3384 1452 3468 saltem
1482 3381 1616 3491 nolle,
1656 3410 1794 3495 neque
1806 3407 1944 3495 operae
1969 3407 2069 3507 pre-

782 3508 881 3594 tium
923 3505 1020 3593 foret
1060 3535 1192 3593 ertum
1233 3513 1479 3621 quantitatem
1511 3513 1628 3595 nimis
1662 3511 1819 3596 studiost
1854 3535 1925 3620 per
1960 3512 2068 3594 inta-

780 3635 972 3744 gratiores
1009 3640 1230 3748 acquirere,
1262 3637 1331 3724 nifi
1359 3637 1522 3723 calculus
1548 3639 1654 3773 lacile
1684 3640 1860 3754 expediri
1899 3635 2087 3776 poffit.

1168 3887 1674 3985 cossotua.

2080 4004 2088 4037 l

812 4161 826 4172 ..
936 4107 1012 4188 23.
1031 4161 1034 4168 ,
1050 4081 1200 4205 Totum
1237 4108 1333 4196 ergo
1374 4085 1630 4195 integrationis
1669 4097 1767 4196 opus
1796 4089 1846 4172 ad
1877 4089 2062 4175 inuentio-

781 4231 874 4294 nem
915 4231 1212 4296 momentorum
1256 4215 1386 4305 redit,
1423 4237 1518 4324 quae
1549 4211 1739 4324 duplicem
1770 4215 2066 4326 integrationem

779 4339 950 4445 requirit
1013 4337 1099 4424 Erit
1115 4341 1302 4424 nimirum
1333 4358 1580 4427 momentum
1617 4341 1912 4452 potentiale:

712 4539 715 4546 ‚
767 4469 1256 4644 strxst’f-ffiffl-’fss
1273 4509 1298 4615 ς
1318 4491 1396 4616 quo
1412 4503 1566 4591 nuato
1581 4506 1655 4590 ent
1676 4488 2090 4594 monen‘nmatue'

1407 4645 1426 4670 “
1465 4623 1499 4650 ”
1996 4634 2070 4722 nie
