<?xml version="1.0" encoding="UTF-8"?>
<!DOCTYPE html PUBLIC "-//W3C//DTD XHTML 1.0 Transitional//EN"
    "http://www.w3.org/TR/xhtml1/DTD/xhtml1-transitional.dtd">
<html xmlns="http://www.w3.org/1999/xhtml" xml:lang="en" lang="en">
 <head>
  <title>
</title>
<meta http-equiv="Content-Type" content="text/html;charset=utf-8" />
  <meta name='ocr-system' content='tesseract 3.04.00' />
  <meta name='ocr-capabilities' content='ocr_page ocr_carea ocr_par ocr_line ocrx_word'/>
</head>
<body>
  <div class='ocr_page' id='page_1' title='image "./novicommentarii11sssrgoog_0349.png"; bbox 0 0 4484 5934; ppageno 0'>
   <div class='ocr_carea' id='block_1_1' title="bbox 211 491 1440 650">
    <p class='ocr_par' dir='ltr' id='par_1_1' title="bbox 211 491 1440 650">
     <span class='ocr_line' id='line_1_1' title="bbox 211 491 1440 650; baseline 0.011 -41"><span class='ocrx_word' id='word_1_1' title='bbox 211 515 317 609; x_wconf 70' lang='lat' dir='ltr'>ro</span> <span class='ocrx_word' id='word_1_2' title='bbox 351 491 1440 650; x_wconf 65' lang='lat' dir='ltr'>rruusrrrruurotseuuorarr</span> 
     </span>
    </p>
   </div>
   <div class='ocr_carea' id='block_1_2' title="bbox 168 751 1547 1386">
    <p class='ocr_par' dir='ltr' id='par_1_2' title="bbox 168 751 845 868">
     <span class='ocr_line' id='line_1_2' title="bbox 168 751 845 868; baseline 0.006 -40"><span class='ocrx_word' id='word_1_3' title='bbox 168 751 253 868; x_wconf 81' lang='lat' dir='ltr'>post</span> <span class='ocrx_word' id='word_1_4' title='bbox 289 753 604 857; x_wconf 69' lang='lat' dir='ltr'>§miuprimsoluu</span> <span class='ocrx_word' id='word_1_5' title='bbox 618 775 671 832; x_wconf 81' lang='lat'>21</span> <span class='ocrx_word' id='word_1_6' title='bbox 694 764 713 860; x_wconf 65' lang='grc' dir='ltr'><strong>ξ</strong></span> <span class='ocrx_word' id='word_1_7' title='bbox 742 777 845 864; x_wconf 78' lang='lat' dir='ltr'>gran.</span> 
     </span>
    </p>

    <p class='ocr_par' dir='ltr' id='par_1_3' title="bbox 186 886 1547 1386">
     <span class='ocr_line' id='line_1_3' title="bbox 192 886 1430 1002; baseline 0.002 -32"><span class='ocrx_word' id='word_1_8' title='bbox 192 901 306 960; x_wconf 85' lang='lat'>·10</span> <span class='ocrx_word' id='word_1_9' title='bbox 365 925 389 948; x_wconf 89' lang='lat'><em>·</em></span> <span class='ocrx_word' id='word_1_10' title='bbox 453 928 473 946; x_wconf 91' lang='lat'><strong>·</strong></span> <span class='ocrx_word' id='word_1_11' title='bbox 533 886 1430 1002; x_wconf 67' lang='lat' dir='ltr'>-41.4-ergosmiu.pr.·19;g</span> 
     </span>
     <span class='ocr_line' id='line_1_4' title="bbox 195 1015 1430 1131; baseline 0.011 -44"><span class='ocrx_word' id='word_1_12' title='bbox 195 1030 302 1110; x_wconf 78' lang='grc' dir='ltr'>-ις</span> <span class='ocrx_word' id='word_1_13' title='bbox 365 1055 388 1080; x_wconf 85' lang='grc'>-</span> <span class='ocrx_word' id='word_1_14' title='bbox 445 1057 469 1078; x_wconf 86' lang='grc'><strong>-</strong></span> <span class='ocrx_word' id='word_1_15' title='bbox 527 1055 548 1076; x_wconf 87' lang='grc'><strong>-</strong></span> <span class='ocrx_word' id='word_1_16' title='bbox 611 1015 1268 1131; x_wconf 13' lang='grc' dir='ltr'>64.4-ετςοςωᾷη.ὶρῐ.-</span> <span class='ocrx_word' id='word_1_17' title='bbox 1332 1041 1430 1120; x_wconf 74' lang='lat'>2³·</span> 
     </span>
     <span class='ocr_line' id='line_1_5' title="bbox 192 1135 1547 1252; baseline 0.004 -36"><span class='ocrx_word' id='word_1_18' title='bbox 192 1157 303 1217; x_wconf 72' lang='lat' dir='ltr'>-zo</span> <span class='ocrx_word' id='word_1_19' title='bbox 365 1187 382 1206; x_wconf 90' lang='lat'><strong>·</strong></span> <span class='ocrx_word' id='word_1_20' title='bbox 449 1181 464 1204; x_wconf 87' lang='lat'><strong>·</strong></span> <span class='ocrx_word' id='word_1_21' title='bbox 528 1183 547 1200; x_wconf 92' lang='lat'><strong>·</strong></span> <span class='ocrx_word' id='word_1_22' title='bbox 611 1144 1256 1252; x_wconf 80' lang='lat' dir='ltr'>83·-erg05min.pr.·</span> <span class='ocrx_word' id='word_1_23' title='bbox 1325 1135 1428 1230; x_wconf 63' lang='lat'>1&#39;85</span> <span class='ocrx_word' id='word_1_24' title='bbox 1541 1189 1547 1194; x_wconf 90' lang='lat'><strong>·</strong></span> 
     </span>
     <span class='ocr_line' id='line_1_6' title="bbox 186 1271 1429 1386; baseline 0.009 -23"><span class='ocrx_word' id='word_1_25' title='bbox 186 1283 299 1364; x_wconf 57' lang='lat' dir='ltr'>us</span> <span class='ocrx_word' id='word_1_26' title='bbox 364 1313 381 1332; x_wconf 94' lang='lat'>-</span> <span class='ocrx_word' id='word_1_27' title='bbox 442 1311 465 1328; x_wconf 92' lang='lat'><em>·</em></span> <span class='ocrx_word' id='word_1_28' title='bbox 522 1307 545 1328; x_wconf 88' lang='lat'><em>·</em></span> <span class='ocrx_word' id='word_1_29' title='bbox 609 1271 1260 1386; x_wconf 65' lang='lat' dir='ltr'>993-.0.reo.5ml11·rt··</span> <span class='ocrx_word' id='word_1_30' title='bbox 1327 1276 1429 1374; x_wconf 58' lang='lat'>1⁶4</span> 
     </span>
    </p>
   </div>
   <div class='ocr_carea' id='block_1_3' title="bbox 153 1513 1544 3274">
    <p class='ocr_par' dir='ltr' id='par_1_4' title="bbox 156 1513 1448 1884">
     <span class='ocr_line' id='line_1_7' title="bbox 189 1513 1448 1630; baseline 0.003 -30"><span class='ocrx_word' id='word_1_31' title='bbox 189 1598 193 1628; x_wconf 40' lang='grc' dir='ltr'>ι</span> <span class='ocrx_word' id='word_1_32' title='bbox 277 1517 315 1620; x_wconf 85' lang='lat'>§.</span> <span class='ocrx_word' id='word_1_33' title='bbox 335 1526 366 1600; x_wconf 90' lang='lat'>6</span> <span class='ocrx_word' id='word_1_34' title='bbox 370 1583 378 1602; x_wconf 92' lang='lat'><strong>.</strong></span> <span class='ocrx_word' id='word_1_35' title='bbox 397 1513 562 1605; x_wconf 82' lang='lat' dir='ltr'>Summa</span> <span class='ocrx_word' id='word_1_36' title='bbox 578 1517 915 1604; x_wconf 85' lang='lat' dir='ltr'>decrementomm</span> <span class='ocrx_word' id='word_1_37' title='bbox 937 1519 1117 1630; x_wconf 80' lang='lat' dir='ltr'>ponderis</span> <span class='ocrx_word' id='word_1_38' title='bbox 1134 1517 1318 1610; x_wconf 83' lang='lat' dir='ltr'>solutione</span> <span class='ocrx_word' id='word_1_39' title='bbox 1333 1545 1448 1630; x_wconf 79' lang='lat' dir='ltr'>geue·</span> 
     </span>
     <span class='ocr_line' id='line_1_8' title="bbox 157 1633 1442 1758; baseline 0.005 -33"><span class='ocrx_word' id='word_1_40' title='bbox 157 1660 330 1730; x_wconf 77' lang='lat' dir='ltr'>rarorum</span> <span class='ocrx_word' id='word_1_41' title='bbox 370 1645 438 1729; x_wconf 89' lang='lat' dir='ltr'>suit</span> <span class='ocrx_word' id='word_1_42' title='bbox 476 1671 543 1756; x_wconf 90' lang='lat' dir='ltr'>per</span> <span class='ocrx_word' id='word_1_43' title='bbox 582 1633 621 1728; x_wconf 68' lang='lat'>5.</span> <span class='ocrx_word' id='word_1_44' title='bbox 643 1676 686 1748; x_wconf 86' lang='lat'>4.</span> <span class='ocrx_word' id='word_1_45' title='bbox 723 1660 832 1750; x_wconf 64' lang='lat' dir='ltr'>roa}</span> <span class='ocrx_word' id='word_1_46' title='bbox 871 1673 976 1756; x_wconf 86' lang='lat' dir='ltr'>gran.</span> <span class='ocrx_word' id='word_1_47' title='bbox 1015 1654 1084 1730; x_wconf 87' lang='lat'>26.</span> <span class='ocrx_word' id='word_1_48' title='bbox 1120 1634 1220 1731; x_wconf 81' lang='lat' dir='ltr'>mio.</span> <span class='ocrx_word' id='word_1_49' title='bbox 1256 1672 1312 1757; x_wconf 87' lang='lat' dir='ltr'>pr.</span> <span class='ocrx_word' id='word_1_50' title='bbox 1346 1670 1442 1758; x_wconf 80' lang='lat' dir='ltr'>quae</span> 
     </span>
     <span class='ocr_line' id='line_1_9' title="bbox 156 1769 1202 1884; baseline 0.002 -34"><span class='ocrx_word' id='word_1_51' title='bbox 156 1769 306 1856; x_wconf 83' lang='lat' dir='ltr'>refiduo</span> <span class='ocrx_word' id='word_1_52' title='bbox 336 1774 550 1882; x_wconf 78' lang='lat' dir='ltr'>ponderato</span> <span class='ocrx_word' id='word_1_53' title='bbox 582 1771 734 1855; x_wconf 84' lang='lat' dir='ltr'>iuuenta</span> <span class='ocrx_word' id='word_1_54' title='bbox 769 1775 824 1857; x_wconf 80' lang='lat' dir='ltr'>eli</span> <span class='ocrx_word' id='word_1_55' title='bbox 859 1797 962 1854; x_wconf 88' lang='lat'>110.</span> <span class='ocrx_word' id='word_1_56' title='bbox 994 1801 1051 1884; x_wconf 83' lang='lat' dir='ltr'>gr.</span> <span class='ocrx_word' id='word_1_57' title='bbox 1087 1779 1108 1876; x_wconf 65' lang='lat' dir='ltr'>p</span> <span class='ocrx_word' id='word_1_58' title='bbox 1159 1797 1202 1872; x_wconf 82' lang='lat'>3.</span> 
     </span>
    </p>

    <p class='ocr_par' dir='ltr' id='par_1_5' title="bbox 153 1895 1544 3274">
     <span class='ocr_line' id='line_1_10' title="bbox 275 1895 1445 2008; baseline 0.003 -23"><span class='ocrx_word' id='word_1_59' title='bbox 275 1897 360 1986; x_wconf 85' lang='lat' dir='ltr'>Sex</span> <span class='ocrx_word' id='word_1_60' title='bbox 389 1911 408 2004; x_wconf 62' lang='grc' dir='ltr'>ξ</span> <span class='ocrx_word' id='word_1_61' title='bbox 435 1919 533 2005; x_wconf 87' lang='lat' dir='ltr'>ergo</span> <span class='ocrx_word' id='word_1_62' title='bbox 564 1895 685 1978; x_wconf 91' lang='lat' dir='ltr'>solum</span> <span class='ocrx_word' id='word_1_63' title='bbox 715 1903 842 2008; x_wconf 75' lang='lat' dir='ltr'>grauis</span> <span class='ocrx_word' id='word_1_64' title='bbox 871 1901 1014 1986; x_wconf 83' lang='lat' dir='ltr'>recedit</span> <span class='ocrx_word' id='word_1_65' title='bbox 1047 1905 1341 1987; x_wconf 82' lang='lat' dir='ltr'>decrementum</span> <span class='ocrx_word' id='word_1_66' title='bbox 1374 1901 1445 1989; x_wconf 83' lang='lat' dir='ltr'>ob·</span> 
     </span>
     <span class='ocr_line' id='line_1_11' title="bbox 153 2019 1544 2143; baseline 0.004 -36"><span class='ocrx_word' id='word_1_67' title='bbox 153 2019 345 2110; x_wconf 78' lang='lat' dir='ltr'>seruatum</span> <span class='ocrx_word' id='word_1_68' title='bbox 374 2049 401 2112; x_wconf 80' lang='lat' dir='ltr'>u</span> <span class='ocrx_word' id='word_1_69' title='bbox 430 2021 684 2108; x_wconf 76' lang='lat' dir='ltr'>decremento</span> <span class='ocrx_word' id='word_1_70' title='bbox 713 2044 944 2137; x_wconf 74' lang='lat' dir='ltr'>computato</span> <span class='ocrx_word' id='word_1_71' title='bbox 970 2031 1119 2138; x_wconf 87' lang='lat' dir='ltr'>integro</span> <span class='ocrx_word' id='word_1_72' title='bbox 1137 2028 1444 2115; x_wconf 85' lang='lat' dir='ltr'>solutionisrem·</span> <span class='ocrx_word' id='word_1_73' title='bbox 1540 2131 1544 2143; x_wconf 24' lang='grc' dir='ltr'>Ι</span> 
     </span>
     <span class='ocr_line' id='line_1_12' title="bbox 156 2147 1445 2264; baseline 0.005 -31"><span class='ocrx_word' id='word_1_74' title='bbox 156 2173 287 2262; x_wconf 90' lang='lat' dir='ltr'>pore,</span> <span class='ocrx_word' id='word_1_75' title='bbox 318 2173 414 2262; x_wconf 82' lang='lat' dir='ltr'>quae</span> <span class='ocrx_word' id='word_1_76' title='bbox 442 2147 686 2260; x_wconf 75' lang='lat' dir='ltr'>discrepantia</span> <span class='ocrx_word' id='word_1_77' title='bbox 716 2151 809 2234; x_wconf 90' lang='lat' dir='ltr'>oriri</span> <span class='ocrx_word' id='word_1_78' title='bbox 848 2153 975 2261; x_wconf 86' lang='lat' dir='ltr'>porult</span> <span class='ocrx_word' id='word_1_79' title='bbox 1014 2177 1038 2236; x_wconf 83' lang='lat' dir='ltr'>a</span> <span class='ocrx_word' id='word_1_80' title='bbox 1076 2171 1223 2238; x_wconf 80' lang='lat' dir='ltr'>mutata</span> <span class='ocrx_word' id='word_1_81' title='bbox 1256 2155 1445 2264; x_wconf 72' lang='lat' dir='ltr'>grauitate</span> 
     </span>
     <span class='ocr_line' id='line_1_13' title="bbox 156 2271 1444 2393; baseline 0.003 -33"><span class='ocrx_word' id='word_1_82' title='bbox 156 2275 333 2388; x_wconf 80' lang='lat' dir='ltr'>specifica</span> <span class='ocrx_word' id='word_1_83' title='bbox 378 2275 459 2360; x_wconf 82' lang='lat' dir='ltr'>salis</span> <span class='ocrx_word' id='word_1_84' title='bbox 498 2277 597 2360; x_wconf 85' lang='lat' dir='ltr'>inter</span> <span class='ocrx_word' id='word_1_85' title='bbox 636 2271 898 2385; x_wconf 87' lang='lat' dir='ltr'>solutionem,</span> <span class='ocrx_word' id='word_1_86' title='bbox 921 2303 1031 2392; x_wconf 20' lang='lat' dir='ltr'>&#39;cum</span> <span class='ocrx_word' id='word_1_87' title='bbox 1073 2299 1236 2393; x_wconf 86' lang='lat' dir='ltr'>propter</span> <span class='ocrx_word' id='word_1_88' title='bbox 1263 2281 1444 2365; x_wconf 75' lang='lat' dir='ltr'>caritates</span> 
     </span>
     <span class='ocr_line' id='line_1_14' title="bbox 157 2399 1444 2517; baseline 0.003 -29"><span class='ocrx_word' id='word_1_89' title='bbox 157 2406 342 2514; x_wconf 74' lang='lat' dir='ltr'>quasdam</span> <span class='ocrx_word' id='word_1_90' title='bbox 377 2399 560 2486; x_wconf 87' lang='lat' dir='ltr'>nonfuit</span> <span class='ocrx_word' id='word_1_91' title='bbox 593 2401 854 2512; x_wconf 66' lang='lat' dir='ltr'>persedisstme</span> <span class='ocrx_word' id='word_1_92' title='bbox 895 2407 935 2488; x_wconf 89' lang='lat' dir='ltr'>in</span> <span class='ocrx_word' id='word_1_93' title='bbox 977 2408 1156 2490; x_wconf 87' lang='lat' dir='ltr'>omuibus</span> <span class='ocrx_word' id='word_1_94' title='bbox 1197 2409 1444 2517; x_wconf 81' lang='lat' dir='ltr'>portiunculis</span> 
     </span>
     <span class='ocr_line' id='line_1_15' title="bbox 159 2523 1443 2641; baseline 0 -25"><span class='ocrx_word' id='word_1_95' title='bbox 159 2530 469 2641; x_wconf 85' lang='lat' dir='ltr'>homogeneum.</span> <span class='ocrx_word' id='word_1_96' title='bbox 533 2523 711 2634; x_wconf 81' lang='lat' dir='ltr'>Pyra&#39;mis</span> <span class='ocrx_word' id='word_1_97' title='bbox 741 2534 848 2616; x_wconf 90' lang='lat' dir='ltr'>enim</span> <span class='ocrx_word' id='word_1_98' title='bbox 880 2533 992 2616; x_wconf 89' lang='lat' dir='ltr'>initio</span> <span class='ocrx_word' id='word_1_99' title='bbox 1021 2555 1188 2617; x_wconf 82' lang='lat' dir='ltr'>aecumtr</span> <span class='ocrx_word' id='word_1_100' title='bbox 1227 2535 1319 2617; x_wconf 81' lang='lat' dir='ltr'>abiit</span> <span class='ocrx_word' id='word_1_101' title='bbox 1360 2555 1443 2616; x_wconf 79' lang='lat' dir='ltr'>tan·</span> 
     </span>
     <span class='ocr_line' id='line_1_16' title="bbox 157 2657 1530 2769; baseline 0 -27"><span class='ocrx_word' id='word_1_102' title='bbox 157 2659 250 2742; x_wconf 86' lang='lat' dir='ltr'>dem</span> <span class='ocrx_word' id='word_1_103' title='bbox 294 2660 336 2740; x_wconf 91' lang='lat' dir='ltr'>in</span> <span class='ocrx_word' id='word_1_104' title='bbox 371 2657 623 2760; x_wconf 86' lang='lat' dir='ltr'>deformem,</span> <span class='ocrx_word' id='word_1_105' title='bbox 654 2678 762 2769; x_wconf 87' lang='lat' dir='ltr'>parte</span> <span class='ocrx_word' id='word_1_106' title='bbox 793 2657 975 2768; x_wconf 83' lang='lat' dir='ltr'>superiori</span> <span class='ocrx_word' id='word_1_107' title='bbox 1005 2659 1053 2742; x_wconf 79' lang='lat' dir='ltr'>ab</span> <span class='ocrx_word' id='word_1_108' title='bbox 1087 2685 1168 2742; x_wconf 84' lang='lat' dir='ltr'>vno</span> <span class='ocrx_word' id='word_1_109' title='bbox 1201 2661 1319 2742; x_wconf 83' lang='lat' dir='ltr'>lutere</span> <span class='ocrx_word' id='word_1_110' title='bbox 1352 2683 1443 2769; x_wconf 89' lang='lat' dir='ltr'>pro·</span> <span class='ocrx_word' id='word_1_111' title='bbox 1526 2748 1530 2755; x_wconf 59' lang='grc'><strong>,</strong></span> 
     </span>
     <span class='ocr_line' id='line_1_17' title="bbox 158 2781 1444 2895; baseline 0 -27"><span class='ocrx_word' id='word_1_112' title='bbox 158 2781 304 2868; x_wconf 74' lang='lat' dir='ltr'>surdius</span> <span class='ocrx_word' id='word_1_113' title='bbox 342 2785 492 2890; x_wconf 78' lang='lat' dir='ltr'>solida,</span> <span class='ocrx_word' id='word_1_114' title='bbox 534 2809 649 2894; x_wconf 84' lang='lat' dir='ltr'>quam</span> <span class='ocrx_word' id='word_1_115' title='bbox 687 2813 710 2870; x_wconf 80' lang='lat' dir='ltr'><strong>a</strong></span> <span class='ocrx_word' id='word_1_116' title='bbox 740 2785 896 2895; x_wconf 86' lang='lat' dir='ltr'>reliquis</span> <span class='ocrx_word' id='word_1_117' title='bbox 922 2786 1120 2892; x_wconf 77' lang='lat' dir='ltr'>luteribus,</span> <span class='ocrx_word' id='word_1_118' title='bbox 1153 2787 1252 2866; x_wconf 80' lang='lat' dir='ltr'>uude</span> <span class='ocrx_word' id='word_1_119' title='bbox 1282 2789 1444 2895; x_wconf 76' lang='lat' dir='ltr'>grauitas</span> 
     </span>
     <span class='ocr_line' id='line_1_18' title="bbox 158 2907 1442 3022; baseline 0 -28"><span class='ocrx_word' id='word_1_120' title='bbox 158 2907 332 3022; x_wconf 81' lang='lat' dir='ltr'>speeifim</span> <span class='ocrx_word' id='word_1_121' title='bbox 371 2911 481 2994; x_wconf 70' lang='lat' dir='ltr'>auda</span> <span class='ocrx_word' id='word_1_122' title='bbox 519 2909 573 2992; x_wconf 93' lang='lat' dir='ltr'>ob</span> <span class='ocrx_word' id='word_1_123' title='bbox 610 2915 813 2994; x_wconf 76' lang='lat' dir='ltr'>caritatem</span> <span class='ocrx_word' id='word_1_124' title='bbox 847 2914 1034 3020; x_wconf 79' lang='lat' dir='ltr'>quandam</span> <span class='ocrx_word' id='word_1_125' title='bbox 1066 2911 1324 3016; x_wconf 64' lang='lat' dir='ltr'>destructam,</span> <span class='ocrx_word' id='word_1_126' title='bbox 1368 2911 1442 2994; x_wconf 85' lang='lat' dir='ltr'>fiue</span> 
     </span>
     <span class='ocr_line' id='line_1_19' title="bbox 158 3037 1441 3150; baseline -0.001 -28"><span class='ocrx_word' id='word_1_127' title='bbox 158 3040 286 3147; x_wconf 89' lang='lat' dir='ltr'>potius</span> <span class='ocrx_word' id='word_1_128' title='bbox 307 3057 546 3146; x_wconf 73' lang='lat' dir='ltr'>opertam,</span> <span class='ocrx_word' id='word_1_129' title='bbox 598 3062 712 3144; x_wconf 81' lang='lat' dir='ltr'>quam</span> <span class='ocrx_word' id='word_1_130' title='bbox 752 3040 958 3146; x_wconf 79' lang='lat' dir='ltr'>occupauit</span> <span class='ocrx_word' id='word_1_131' title='bbox 998 3061 1107 3144; x_wconf 82' lang='lat' dir='ltr'>aqua.</span> <span class='ocrx_word' id='word_1_132' title='bbox 1191 3037 1292 3150; x_wconf 78' lang='lat' dir='ltr'>Quia</span> <span class='ocrx_word' id='word_1_133' title='bbox 1333 3039 1441 3121; x_wconf 90' lang='lat' dir='ltr'>enim</span> 
     </span>
     <span class='ocr_line' id='line_1_20' title="bbox 156 3159 1446 3274; baseline -0.003 -24"><span class='ocrx_word' id='word_1_134' title='bbox 156 3164 294 3272; x_wconf 77' lang='lat' dir='ltr'>b&lt;a‚</span> <span class='ocrx_word' id='word_1_135' title='bbox 329 3161 426 3268; x_wconf 86' lang='lat' dir='ltr'>fiet,</span> <span class='ocrx_word' id='word_1_136' title='bbox 461 3159 581 3270; x_wconf 81' lang='lat' dir='ltr'>posita</span> <span class='ocrx_word' id='word_1_137' title='bbox 610 3161 640 3244; x_wconf 86' lang='lat' dir='ltr'>d</span> <span class='ocrx_word' id='word_1_138' title='bbox 666 3164 842 3265; x_wconf 89' lang='lat' dir='ltr'>minori,</span> <span class='ocrx_word' id='word_1_139' title='bbox 875 3163 966 3245; x_wconf 87' lang='lat' dir='ltr'>hine</span> <span class='ocrx_word' id='word_1_140' title='bbox 996 3163 1181 3270; x_wconf 82' lang='lat' dir='ltr'>guuritate</span> <span class='ocrx_word' id='word_1_141' title='bbox 1200 3160 1446 3274; x_wconf 71' lang='lat' dir='ltr'>specificatio·</span> 
     </span>
    </p>
   </div>
   <div class='ocr_carea' id='block_1_4' title="bbox 427 3274 598 3345">
    <p class='ocr_par' dir='ltr' id='par_1_6' title="bbox 427 3274 598 3345">
     <span class='ocr_line' id='line_1_21' title="bbox 427 3274 598 3345; baseline -0.018 -14"><span class='ocrx_word' id='word_1_142' title='bbox 427 3274 598 3345; x_wconf 76' lang='lat' dir='ltr'>(b-dla</span> 
     </span>
    </p>
   </div>
   <div class='ocr_carea' id='block_1_5' title="bbox 137 3309 1445 4692">
    <p class='ocr_par' dir='ltr' id='par_1_7' title="bbox 153 3309 1185 3418">
     <span class='ocr_line' id='line_1_22' title="bbox 153 3309 1185 3418; baseline -0.009 -23"><span class='ocrx_word' id='word_1_143' title='bbox 153 3310 202 3396; x_wconf 83' lang='lat' dir='ltr'>lis</span> <span class='ocrx_word' id='word_1_144' title='bbox 232 3309 399 3411; x_wconf 87' lang='lat' dir='ltr'>maiori,</span> <span class='ocrx_word' id='word_1_145' title='bbox 430 3343 614 3413; x_wconf 67' lang='grc' dir='ltr'>-ῑ-Γ</span> <span class='ocrx_word' id='word_1_146' title='bbox 643 3309 792 3414; x_wconf 87' lang='lat' dir='ltr'>muior,</span> <span class='ocrx_word' id='word_1_147' title='bbox 826 3333 939 3418; x_wconf 76' lang='lat' dir='ltr'>quum</span> <span class='ocrx_word' id='word_1_148' title='bbox 970 3327 1090 3390; x_wconf 81' lang='lat' dir='ltr'>anter.</span> <span class='ocrx_word' id='word_1_149' title='bbox 1177 3383 1185 3396; x_wconf 82' lang='grc'>,</span> 
     </span>
    </p>

    <p class='ocr_par' dir='ltr' id='par_1_8' title="bbox 137 3430 1445 4562">
     <span class='ocr_line' id='line_1_23' title="bbox 271 3430 1437 3547; baseline -0.009 -26"><span class='ocrx_word' id='word_1_150' title='bbox 271 3439 310 3538; x_wconf 86' lang='lat'>§.</span> <span class='ocrx_word' id='word_1_151' title='bbox 342 3454 386 3536; x_wconf 83' lang='lat'>7.</span> <span class='ocrx_word' id='word_1_152' title='bbox 418 3431 546 3522; x_wconf 79' lang='lat' dir='ltr'>schol.</span> <span class='ocrx_word' id='word_1_153' title='bbox 562 3435 699 3544; x_wconf 74' lang='lat' dir='ltr'>Figura</span> <span class='ocrx_word' id='word_1_154' title='bbox 725 3435 1003 3547; x_wconf 62' lang='lat' dir='ltr'>pyramidum,</span> <span class='ocrx_word' id='word_1_155' title='bbox 1035 3431 1218 3516; x_wconf 89' lang='lat' dir='ltr'>solutione</span> <span class='ocrx_word' id='word_1_156' title='bbox 1234 3447 1350 3536; x_wconf 79' lang='lat' dir='ltr'>ortu,</span> <span class='ocrx_word' id='word_1_157' title='bbox 1382 3430 1437 3512; x_wconf 82' lang='lat' dir='ltr'>ui·</span> 
     </span>
     <span class='ocr_line' id='line_1_24' title="bbox 153 3559 1443 3668; baseline -0.006 -20"><span class='ocrx_word' id='word_1_158' title='bbox 153 3565 271 3648; x_wconf 90' lang='lat' dir='ltr'>detur</span> <span class='ocrx_word' id='word_1_159' title='bbox 298 3559 492 3648; x_wconf 85' lang='lat' dir='ltr'>ollendere</span> <span class='ocrx_word' id='word_1_160' title='bbox 517 3623 531 3666; x_wconf 85' lang='lat'>,</span> <span class='ocrx_word' id='word_1_161' title='bbox 558 3561 706 3645; x_wconf 87' lang='lat' dir='ltr'>soluens</span> <span class='ocrx_word' id='word_1_162' title='bbox 743 3563 959 3644; x_wconf 79' lang='lat' dir='ltr'>inleriorem</span> <span class='ocrx_word' id='word_1_163' title='bbox 988 3559 1071 3642; x_wconf 87' lang='lat' dir='ltr'>rubi</span> <span class='ocrx_word' id='word_1_164' title='bbox 1099 3581 1247 3668; x_wconf 83' lang='lat' dir='ltr'>purtem</span> <span class='ocrx_word' id='word_1_165' title='bbox 1286 3576 1443 3666; x_wconf 78' lang='lat' dir='ltr'>tangens</span> 
     </span>
     <span class='ocr_line' id='line_1_25' title="bbox 153 3686 1441 3797; baseline -0.009 -21"><span class='ocrx_word' id='word_1_166' title='bbox 153 3686 348 3776; x_wconf 69' lang='lat' dir='ltr'>fiturutius</span> <span class='ocrx_word' id='word_1_167' title='bbox 393 3686 468 3770; x_wconf 90' lang='lat' dir='ltr'>else</span> <span class='ocrx_word' id='word_1_168' title='bbox 509 3687 677 3772; x_wconf 89' lang='lat' dir='ltr'>soluente</span> <span class='ocrx_word' id='word_1_169' title='bbox 723 3689 951 3796; x_wconf 87' lang='lat' dir='ltr'>superiorem</span> <span class='ocrx_word' id='word_1_170' title='bbox 986 3687 1070 3769; x_wconf 83' lang='lat' dir='ltr'>tubi</span> <span class='ocrx_word' id='word_1_171' title='bbox 1107 3711 1254 3797; x_wconf 78' lang='lat' dir='ltr'>purtem</span> <span class='ocrx_word' id='word_1_172' title='bbox 1287 3686 1441 3766; x_wconf 89' lang='lat' dir='ltr'>contin-</span> 
     </span>
     <span class='ocr_line' id='line_1_26' title="bbox 153 3811 1443 3930; baseline -0.003 -31"><span class='ocrx_word' id='word_1_173' title='bbox 153 3839 305 3930; x_wconf 85' lang='lat' dir='ltr'>gente,</span> <span class='ocrx_word' id='word_1_174' title='bbox 335 3811 509 3902; x_wconf 90' lang='lat' dir='ltr'>deorsum</span> <span class='ocrx_word' id='word_1_175' title='bbox 541 3818 646 3900; x_wconf 90' lang='lat' dir='ltr'>enim</span> <span class='ocrx_word' id='word_1_176' title='bbox 681 3815 883 3925; x_wconf 78' lang='lat' dir='ltr'>particulae</span> <span class='ocrx_word' id='word_1_177' title='bbox 926 3839 1063 3897; x_wconf 86' lang='lat' dir='ltr'>omues</span> <span class='ocrx_word' id='word_1_178' title='bbox 1107 3813 1288 3896; x_wconf 77' lang='lat' dir='ltr'>resolutae</span> <span class='ocrx_word' id='word_1_179' title='bbox 1331 3813 1443 3895; x_wconf 90' lang='lat' dir='ltr'>ioitio</span> 
     </span>
     <span class='ocr_line' id='line_1_27' title="bbox 150 3940 1440 4054; baseline -0.001 -28"><span class='ocrx_word' id='word_1_180' title='bbox 150 3945 358 4054; x_wconf 62' lang='lat' dir='ltr'>tendum,</span> <span class='ocrx_word' id='word_1_181' title='bbox 394 3940 481 4028; x_wconf 92' lang='lat' dir='ltr'>hinc</span> <span class='ocrx_word' id='word_1_182' title='bbox 517 3945 652 4027; x_wconf 84' lang='lat' dir='ltr'>lentius</span> <span class='ocrx_word' id='word_1_183' title='bbox 691 3941 780 4031; x_wconf 89' lang='lat' dir='ltr'>solui</span> <span class='ocrx_word' id='word_1_184' title='bbox 812 3943 909 4044; x_wconf 41' lang='lat' dir='ltr'>cubi,</span> <span class='ocrx_word' id='word_1_185' title='bbox 927 3941 1121 4026; x_wconf 77' lang='lat' dir='ltr'>inleriores</span> <span class='ocrx_word' id='word_1_186' title='bbox 1153 3961 1294 4048; x_wconf 81' lang='lat' dir='ltr'>partes,</span> <span class='ocrx_word' id='word_1_187' title='bbox 1323 3963 1440 4048; x_wconf 87' lang='lat' dir='ltr'>quam</span> 
     </span>
     <span class='ocr_line' id='line_1_28' title="bbox 145 4065 1438 4182; baseline -0.006 -28"><span class='ocrx_word' id='word_1_188' title='bbox 145 4069 373 4182; x_wconf 87' lang='lat' dir='ltr'>superiores.</span> <span class='ocrx_word' id='word_1_189' title='bbox 451 4065 529 4154; x_wconf 88' lang='lat' dir='ltr'>Cur</span> <span class='ocrx_word' id='word_1_190' title='bbox 568 4071 742 4153; x_wconf 79' lang='lat' dir='ltr'>inclinata</span> <span class='ocrx_word' id='word_1_191' title='bbox 783 4069 993 4179; x_wconf 81' lang='lat' dir='ltr'>pyramidis</span> <span class='ocrx_word' id='word_1_192' title='bbox 1031 4071 1144 4151; x_wconf 78' lang='lat' dir='ltr'>latera</span> <span class='ocrx_word' id='word_1_193' title='bbox 1184 4087 1225 4149; x_wconf 87' lang='lat' dir='ltr'>ct</span> <span class='ocrx_word' id='word_1_194' title='bbox 1255 4065 1354 4149; x_wconf 77' lang='lat' dir='ltr'>lutus</span> <span class='ocrx_word' id='word_1_195' title='bbox 1383 4067 1438 4146; x_wconf 85' lang='lat' dir='ltr'>lu-</span> 
     </span>
     <span class='ocr_line' id='line_1_29' title="bbox 147 4195 1439 4308; baseline -0.005 -28"><span class='ocrx_word' id='word_1_196' title='bbox 147 4223 340 4308; x_wconf 88' lang='lat' dir='ltr'>premum</span> <span class='ocrx_word' id='word_1_197' title='bbox 374 4197 495 4281; x_wconf 81' lang='lat' dir='ltr'>laeuiu</span> <span class='ocrx_word' id='word_1_198' title='bbox 527 4199 690 4302; x_wconf 79' lang='lat' dir='ltr'>sierint,</span> <span class='ocrx_word' id='word_1_199' title='bbox 721 4196 875 4280; x_wconf 87' lang='lat' dir='ltr'>inserior</span> <span class='ocrx_word' id='word_1_200' title='bbox 910 4221 1004 4279; x_wconf 82' lang='lat' dir='ltr'>uero</span> <span class='ocrx_word' id='word_1_201' title='bbox 1036 4195 1253 4294; x_wconf 72' lang='lat' dir='ltr'>caritatibus</span> <span class='ocrx_word' id='word_1_202' title='bbox 1268 4195 1439 4301; x_wconf 77' lang='lat' dir='ltr'>inaequa-</span> 
     </span>
     <span class='ocr_line' id='line_1_30' title="bbox 143 4320 1445 4443; baseline -0.003 -37"><span class='ocrx_word' id='word_1_203' title='bbox 143 4327 197 4407; x_wconf 82' lang='lat' dir='ltr'>lis</span> <span class='ocrx_word' id='word_1_204' title='bbox 244 4325 384 4408; x_wconf 75' lang='lat' dir='ltr'>reddita</span> <span class='ocrx_word' id='word_1_205' title='bbox 424 4325 510 4424; x_wconf 84' lang='lat' dir='ltr'>fit,</span> <span class='ocrx_word' id='word_1_206' title='bbox 541 4325 651 4407; x_wconf 75' lang='lat' dir='ltr'>ratio</span> <span class='ocrx_word' id='word_1_207' title='bbox 679 4323 817 4443; x_wconf 77' lang='lat' dir='ltr'>absque</span> <span class='ocrx_word' id='word_1_208' title='bbox 847 4321 966 4407; x_wconf 88' lang='lat' dir='ltr'>dubio</span> <span class='ocrx_word' id='word_1_209' title='bbox 995 4321 1065 4440; x_wconf 78' lang='lat' dir='ltr'>suit</span> <span class='ocrx_word' id='word_1_210' title='bbox 1088 4342 1161 4406; x_wconf 83' lang='lat' dir='ltr'>¹uer</span> <span class='ocrx_word' id='word_1_211' title='bbox 1192 4320 1445 4424; x_wconf 55' lang='lat' dir='ltr'>insauciatus</span> 
     </span>
     <span class='ocr_line' id='line_1_31' title="bbox 137 4433 1443 4562; baseline -0.008 -28"><span class='ocrx_word' id='word_1_212' title='bbox 137 4450 260 4555; x_wconf 69' lang='lat' dir='ltr'>file,</span> <span class='ocrx_word' id='word_1_213' title='bbox 292 4455 356 4560; x_wconf 90' lang='lat' dir='ltr'>qui</span> <span class='ocrx_word' id='word_1_214' title='bbox 391 4453 582 4562; x_wconf 82' lang='lat' dir='ltr'>particulis</span> <span class='ocrx_word' id='word_1_215' title='bbox 641 4447 720 4536; x_wconf 82' lang='lat' dir='ltr'>salis</span> <span class='ocrx_word' id='word_1_216' title='bbox 749 4449 881 4538; x_wconf 78' lang='lat' dir='ltr'>abrasus</span> <span class='ocrx_word' id='word_1_217' title='bbox 913 4450 1009 4532; x_wconf 87' lang='lat' dir='ltr'>liber</span> <span class='ocrx_word' id='word_1_218' title='bbox 1038 4467 1077 4534; x_wconf 87' lang='lat' dir='ltr'>et</span> <span class='ocrx_word' id='word_1_219' title='bbox 1108 4443 1179 4533; x_wconf 86' lang='lat' dir='ltr'>sese</span> <span class='ocrx_word' id='word_1_220' title='bbox 1195 4433 1443 4557; x_wconf 77' lang='lat' dir='ltr'>expaudeus,</span> 
     </span>
    </p>

    <p class='ocr_par' dir='ltr' id='par_1_9' title="bbox 213 4563 1444 4692">
     <span class='ocr_line' id='line_1_32' title="bbox 213 4563 1444 4692; baseline -0.004 -31"><span class='ocrx_word' id='word_1_221' title='bbox 213 4577 343 4665; x_wconf 77' lang='lat' dir='ltr'>Tum.</span> <span class='ocrx_word' id='word_1_222' title='bbox 363 4576 438 4666; x_wconf 84' lang='lat' dir='ltr'>lv.</span> <span class='ocrx_word' id='word_1_223' title='bbox 454 4577 564 4666; x_wconf 88' lang='lat' dir='ltr'>Nou.</span> <span class='ocrx_word' id='word_1_224' title='bbox 584 4574 707 4667; x_wconf 86' lang='lat' dir='ltr'>Com.</span> <span class='ocrx_word' id='word_1_225' title='bbox 899 4563 948 4662; x_wconf 86' lang='lat' dir='ltr'><strong><em>M</em></strong></span> <span class='ocrx_word' id='word_1_226' title='bbox 967 4601 1010 4662; x_wconf 93' lang='lat' dir='ltr'>m</span> <span class='ocrx_word' id='word_1_227' title='bbox 1299 4569 1444 4692; x_wconf 87' lang='lat' dir='ltr'>superi·</span> 
     </span>
    </p>
   </div>
   <div class='ocr_carea' id='block_1_6' title="bbox 0 0 2246 5924">
    <p class='ocr_par' dir='ltr' id='par_1_10' title="bbox 0 0 2246 5924">
     <span class='ocr_line' id='line_1_33' title="bbox 0 0 2246 5924; baseline 0 0"><span class='ocrx_word' id='word_1_228' title='bbox 0 0 2246 5924; x_wconf 95' lang='lat' dir='ltr'> </span> 
     </span>
    </p>
   </div>
  </div>
 </body>
</html>
