4484 5934
770 486 854 582 r4t
1043 453 1714 557 DEMONSARATIO

638 830 642 833 ⁴
765 731 846 843 guli
878 726 985 815 solidi
1017 726 1294 842 superfuerint,
1346 728 1384 813 id
1425 728 1463 811 in
1512 720 1774 839 pyramidem
1801 726 2074 837 triangularem

633 884 638 891 ’
768 883 840 947 ent
875 860 1106 968 redactum,
1135 878 1175 946 et
1206 861 1388 967 quoniam
1440 858 1604 973 singulae
1636 876 1761 969 partes
1792 857 1962 941 abl'cissae
1991 864 2076 949 suut

640 984 658 1092 J
767 994 990 1107 pyramides
1021 991 1294 1102 triangulares,
1326 990 1402 1072 hoc
1435 996 1560 1081 modo
1588 1006 1718 1076 totum
1755 1010 1893 1098 corpus
1923 988 1965 1072 iu
1995 1014 2075 1101 pp·

766 1124 933 1211 ramides
965 1122 1210 1234 triangulares
1239 1118 1486 1205 dissecabitur.
1683 1120 1684 1125 ‘

1123 1364 1674 1489 'scuouron

919 1630 961 1707 8.
995 1608 1036 1705 Si
1066 1616 1107 1700 in
1140 1613 1261 1703 solido
1292 1614 1490 1728 proposito
1522 1638 1704 1702 numenrs
1743 1608 1969 1725 angulorum
2008 1619 2068 1703 so·

664 1826 671 1834 .
765 1750 929 1837 lidorum
962 1748 1007 1829 sit
1037 1744 1170 1853 :S,
1204 1746 1405 1857 postquam
1446 1750 1569 1831 ruodo
1615 1746 1783 1831 indicato
1813 1770 1909 1830 rnna
1930 1772 2067 1836 eorum

764 1876 1096 1981 rueritresenus,
1127 1877 1361 1985 incorpore
1411 1876 1562 1963 residuo
1611 1897 1790 1959 numerus
1836 1876 2067 1987 angulorum

762 2008 970 2094 solidorum
1002 2008 1072 2091 erit
1103 2002 1204 2087 :S
1224 2052 1251 2065 -
1272 2030 1311 2085 1.
1376 2002 1425 2090 lu
1461 2032 1533 2114 qua
1566 2005 1823 2091 diminutione
1870 2026 1960 2091 cum
2009 2003 2069 2085 ris

762 2140 1035 2249 propolitionis
1068 2136 1308 2219 contineatur
1335 2194 1347 2242 ,
1379 2159 1421 2218 ea
1453 2136 1619 2247 pluribus
1660 2132 1798 2220 cassbus
1833 2134 2072 2243 exceptione
2209 2160 2210 2255 l

767 2266 935 2378 indigere
966 2266 1146 2373 ridetur3
1187 2264 1354 2349 sienim
1387 2290 1523 2377 corpus
1560 2266 1798 2379 propositum
1837 2262 1947 2347 suerit
1987 2286 2070 2371 py·

611 2412 688 2520 ng,
711 2443 745 2507 4·
767 2398 881 2479 ramis
913 2394 1182 2502 triangularis,
1215 2394 1361 2476 resecto
1396 2420 1476 2477 uno
1506 2393 1647 2504 angulo
1685 2392 1796 2478 fimul
1835 2412 1917 2477 rota
1958 2414 2068 2501 pyra·

765 2528 842 2607 mis
875 2524 1064 2628 aufertur,
1095 2524 1177 2617 ita,
1209 2522 1256 2603 'ut
1291 2520 1386 2605 nihil
1423 2525 1660 2638 relinquatur.
1731 2518 1910 2607 Sestioue
1957 2526 2067 2605 enim
2209 2554 2210 2641 l

762 2652 862 2735 aaa
896 2650 1093 2738 secundum
1126 2649 1285 2758 planum
1321 2646 1508 2763 ΑΒΕ,
1557 2656 1659 2763 quod
1708 2650 1806 2735 basin
1858 2652 2072 2759 pyramidis
2209 2686 2210 2759 t

763 2780 805 2864 0
823 2781 860 2863 Α
883 2775 919 2861 Β
937 2778 973 2865 C
1005 2779 1205 2862 conll'rtnrr
1225 2851 1231 2879 ,
1264 2779 1376 2864 simul
1411 2799 1491 2865 tota
1523 2784 1695 2890 pyramis
1720 2780 1948 2864 rescinditur.
1982 2780 2073 2862 Vr·
2209 2772 2210 2845 ἶ

761 2933 851 2993 rum
885 2907 960 3008 hoc
990 2908 1073 2993 casu
1104 2906 1242 2991 realta
1273 2907 1434 3016 concipi
1461 2910 1616 3019 potest,
1649 2936 1693 2994 ac
1726 2907 1754 2993 st
1787 2908 1880 2991 bafis
1920 2902 2073 2995 ΑΒΕ
2209 2920 2210 3011 l

689 3092 692 3096 -
763 3040 1018 3149 relinquatur,
1039 3060 1143 3143 uuae
1173 3036 1241 3119 etsr
1272 3036 1326 3119 est
1358 3036 1477 3147 figura
1515 3041 1625 3149 plana
1653 3036 1751 3123 nulla
1777 3034 1936 3120 crailitie
1957 3062 2078 3147 prae·

762 3165 876 3267 dita,
911 3182 1041 3249 tameo
1070 3163 1180 3249 iullar
1210 3166 1317 3248 solidi
1347 3168 1463 3250 tribus
1500 3188 1649 3251 tantum
1684 3164 1829 3275 angulis
1868 3166 2078 3261 condentia
2209 3170 2210 3177 ‘

763 3294 926 3405 speclari
961 3294 1112 3403 potell,
1145 3298 1245 3402 qtrod
1279 3297 1370 3379 duas
1399 3294 1559 3401 liedras,
1601 3316 1748 3406 tresque
1789 3292 1886 3377 acies
1924 3294 2079 3377 habere

764 3423 988 3506 censendum
1029 3424 1112 3528 est,
1146 3426 1277 3505 reseret
1312 3422 1448 3505 scilicet
1488 3424 1625 3533 prisma
1670 3420 1891 3529 triangulare
1933 3421 2080 3505 altitu-

636 3552 643 3564 '
763 3552 864 3635 dinis
895 3550 1176 3649 errauescentis,
1213 3551 1251 3629 in
1284 3577 1361 3662 quo
1391 3548 1528 3634 hedrae
1544 3552 1712 3636 laterales
1729 3550 1769 3635 in
1801 3546 1961 3633 nihilum
1996 3552 2077 3635 ab·

764 3697 888 3783 eant,
917 3698 958 3760 et
991 3678 1081 3761 basis
1115 3678 1283 3786 superior
1312 3704 1401 3761 cum
1438 3680 1507 3761 luis
1540 3680 1682 3789 augulis
1711 3682 1749 3763 in
1780 3676 1880 3761 bafiu
1909 3678 2078 3763 iuferio—
2209 3720 2210 3753 r

764 3832 848 3892 reru
886 3805 1034 3888 ineidat.
1103 3807 1191 3890 Hoc
1222 3826 1348 3889 autem
1386 3810 1506 3890 modo
1546 3806 1680 3891 ambae
1717 3808 1823 3920 supra
1864 3832 2077 3893 memora-

764 3952 825 4017 tae
854 3932 1059 4018 solidorum
1093 3938 1343 4044 proprietates
1376 3935 1415 4017 in
1447 3933 1547 4018 saluo
1588 3955 1785 4048 manent;
1825 3936 1911 4045 quia
1951 3936 2082 4023 enim

623 4091 627 4096 ’
763 4088 943 4146 numerus
974 4062 1199 4170 angulorum
1237 4060 1437 4147 solidorum
1470 4061 1548 4145 hoc
1580 4062 1662 4147 casu
1693 4065 1740 4148 fit
1770 4062 1872 4149 S:
1896 4088 1955 4171 a,
1987 4091 2082 4150 nu·
2209 4106 2210 4111 Ν

763 4215 891 4277 merus
924 4190 1141 4275 hedrarom
1168 4192 1283 4276 ll:
1305 4216 1352 4296 2,
1384 4209 1424 4273 et
1455 4211 1636 4275 numerus
1664 4195 1835 4279 acierum
1865 4196 1980 4279 A:
2002 4215 2034 4292 3
2068 4262 2092 4303 ,

763 4339 900 4427 patet,
931 4318 1003 4402 else
1035 4316 1150 4415 S-t-
1171 4319 1208 4401 ll
1227 4345 1284 4400 :t
1305 4324 1344 4403 Α
1364 4333 1430 4415 ÷
1451 4346 1492 4402 a.
1521 4320 1630 4406 Tum
1663 4348 1761 4405 uero
1796 4324 1946 4407 summa
1991 4348 2091 4405 am

761 4446 938 4557 guloruu
968 4448 1169 4556 planorum
1201 4450 1241 4534 iu
1272 4468 1431 4564 unaque
1462 4449 1581 4539 lredra
1599 4446 1887 4538 ‘routemorum
1913 4474 2087 4561 aeqtn-

1333 4603 1338 4622 '
1994 4596 2103 4667 tut
2209 4634 2210 4643 κ
