4484 5934
331 451 1218 602 MorAnVMararanvn
1358 532 1423 612 49

569 761 1019 856 SOLVTIO.

263 955 446 1040 Transeat
472 957 554 1040 axis
576 983 644 1068 per
668 957 852 1068 punstum
880 953 916 1044 C
942 960 1060 1071 satque
1085 955 1312 1070 adplenum
1330 944 1562 1049 tabu-liga·

144 1079 200 1162 lae
219 1084 430 1192 normalis,
460 1085 512 1166 ita
530 1105 575 1168 vt
592 1086 705 1169 etiarn
723 1088 887 1171 directio
916 1093 1023 1173 venti
1054 1093 1092 1173 in
1112 1087 1271 1196 planum
1289 1083 1438 1167 tabulae

141 1207 183 1290 lit
219 1213 568 1320 perpendicularis,
600 1217 704 1297 cuins
735 1214 906 1300 celeritas
935 1217 1062 1300 debita
1093 1217 1141 1302 stt
1168 1211 1438 1299 altitudini:

143 1335 165 1420 k
191 1402 205 1443 ‚
239 1341 299 1421 leu
328 1339 478 1450 fingnlis
507 1321 663 1425 mi‘nutis
676 1340 840 1427 secundis
866 1343 1064 1456 spatime
1082 1345 1228 1456 pedum
1243 1337 1438 1449 absoluat,

138 1463 194 1546 ita
256 1485 301 1548 rt
345 1469 390 1551 fit
419 1467 443 1555 k
477 1493 534 1550 z:
552 1481 674 1573 1{fere
713 1470 871 1579 pedum.
938 1471 1024 1556 Iam
1065 1489 1194 1557 mottrs
1222 1469 1439 1578 gymtorins

138 1587 351 1698 superficiei
383 1596 603 1706 propositae
634 1598 735 1680 circa
773 1621 892 1680 axem
932 1597 969 1684 C
1007 1619 1130 1688 mutus
1168 1597 1244 1702 bt,
1273 1613 1319 1680 rt
1356 1595 1439 1680 eius

139 1719 326 1827 punitum
355 1724 405 1807 ab
436 1747 510 1806 axe
538 1723 671 1807 distans
703 1725 900 1809 interuallo
931 1754 989 1810 .··.·
1006 1719 1044 1839 s
1061 1744 1254 1840 percurrat
1276 1721 1439 1834 spatium

142 1849 347 1956 sepedum
386 1850 535 1958 singulis
569 1851 725 1934 minutis
764 1849 960 1961 secundis,
997 1857 1052 1939 ita
1090 1873 1139 1938 rt
1176 1877 1202 1936 u
1240 1851 1443 1960 exprimat

140 1971 238 2058 hanc
278 1976 549 2080 celeritatem,
581 1975 607 2059 fi
639 1976 811 2060 celeritas
842 1982 953 2062 venti
982 1997 1203 2092 exponatur
1236 1981 1359 2090 ipatio
1386 2000 1441 2083 e,

141 2101 241 2210 quod
276 2104 416 2210 pariter
445 2105 595 2187 minuto
624 2101 788 2185 necundo
818 2104 1030 2190 conficitur.
1091 2106 1152 2190 Sit
1167 2108 1247 2188 iam
1271 2106 1440 2190 elemen·

144 2247 226 2310 tum
261 2230 513 2338 quodcunque
547 2227 757 2337 superficiei
790 2219 830 2312 Z
862 2233 904 2314 in
937 2229 1084 2317 sublimi
1100 2231 1304 2345 politum,
1334 2229 1441 2311 cuitu

141 2381 229 2440 area
277 2356 323 2440 lit
362 2351 531 2462 :dS,
564 2355 669 2440 vnde
712 2357 762 2442 ad
816 2355 973 2470 planum
1027 2359 1176 2444 tabulae
1221 2358 1441 2444 demittatur
1562 2349 1577 2458 ζ

142 2481 453 2595 perpendiculum
479 2475 520 2568 Z
537 2483 580 2570 Y
598 2511 656 2567 z:
672 2509 721 2570 z:
755 2488 928 2596 iungatur
954 2490 1057 2574 reeta
1075 2484 1112 2571 C
1128 2487 1173 2575 Y
1191 2512 1286 2572 :s
1309 2506 1436 2594 ,qtae

143 2610 285 2720 puncti
313 2603 349 2696 Z
379 2612 593 2698 mstanuam
628 2614 676 2699 ab
692 2637 769 2698 axe
786 2616 1007 2726 praebebit,
1038 2633 1079 2700 et
1096 2614 1227 2727 puncti
1245 2605 1286 2696 Z
1308 2627 1441 2694 motus

143 2739 245 2822 circa
280 2765 386 2824 axem
420 2744 623 2846 conueniet
653 2768 742 2827 cum
776 2761 890 2828 motu
922 2745 1052 2853 puniri
1084 2744 1128 2832 Y
1157 2743 1255 2829 circa
1273 2739 1440 2825 eundem

142 2889 275 2948 axem.
321 2866 443 2954 ,Cum
477 2888 604 2953 autem
638 2869 830 2958 distantiae
849 2863 888 2983 s
907 2871 955 2956 ab
973 2895 1048 2955 axe
1064 2872 1235 2957 celeritas
1250 2869 1297 2954 fit
1312 2893 1367 2952 t:
1384 2890 1440 2972 a,

145 2993 201 3076 ob
221 3015 377 3082 motum
402 2996 619 3106 angularem
644 2997 838 3084 distantiae
856 2995 942 3086 CY
959 3026 1039 3094 :s
1056 3000 1225 3086 celeritas
1238 2996 1440 3082 conueniet

142 3123 289 3264 εξ,
322 3141 408 3250 quia
432 3137 598 3225 celeritas
637 3156 766 3230 motus
787 3138 973 3253 angularis
996 3138 1077 3226 sunt
1101 3139 1279 3227 distantiis
1295 3135 1343 3220 ab
1368 3154 1442 3216 axe

144 3279 465 3386 proportionales.
501 3277 669 3361 Habebit
687 3303 780 3386 ergo
798 3277 982 3386 punitum
1009 3279 1052 3364 Y
1066 3280 1297 3364 celeritatem
1314 3299 1372 3356 z
1396 3257 1445 3390 ’ξ

143 3401 348 3490 secundum
369 3405 621 3489 directionem
640 3405 718 3518 Yq
740 3407 786 3488 ad
813 3401 900 3492 CY
923 3407 962 3486 in
985 3405 1103 3514 plano
1127 3404 1267 3488 tabulae
1285 3424 1444 3503 norma

144 3529 222 3612 lem
240 3597 253 3637 ‚
271 3537 385 3646 eique
404 3527 564 3643 aequalis
582 3532 654 3615 erit
669 3534 837 3616 celeritas
855 3531 985 3643 punisti
1004 3525 1043 3618 Z
1060 3553 1100 3617 et
1115 3537 1317 3616 secundum
1342 3528 1441 3610 dire÷

142 3657 317 3744 ctionem
339 3663 409 3772 ipsr
426 3660 466 3746 Y
486 3689 522 3767 y
553 3660 788 3769 parallelum.
809 3659 926 3745 Venti
942 3682 1071 3745 autem
1090 3662 1131 3744 in
1150 3650 1190 3742 Z
1214 3655 1441 3770 incurrentis

137 3785 409 3874 directionis
451 3779 564 3873 ZY
611 3787 793 3872 normalis
822 3789 861 3870 in
910 3787 1065 3899 planum
1117 3789 1265 3872 tabulae
1298 3787 1441 3897 quippe

136 3913 345 4000 directioni
384 3917 468 4002 axis
496 3911 531 4000 C
562 3903 770 4026 parallelas,
803 3933 914 4025 atque
941 3916 1143 4002 secundom
1195 3915 1293 3999 banc
1341 3913 1462 3993 dire.

137 4043 313 4127 &ionem
347 4047 385 4141 in
419 4046 653 4130 elementum
689 4033 1010 4154 Zimpingeret,
1039 4045 1068 4126 fi
1098 4044 1175 4126 boc
1199 4044 1438 4146 elementum

134 4172 381 4282 quiesceret3
418 4197 548 4256 verum
588 4183 679 4256 c'um
720 4171 758 4253 id
810 4171 929 4279 ipsum
982 4171 1025 4254 lit
1072 4171 1111 4254 in
1161 4189 1306 4274 motu,
1358 4187 1438 4246 tam

130 4300 317 4384 celeritas
349 4303 484 4406 venti,
514 4323 630 4409 quam
663 4299 742 4384 eius
772 4297 962 4406 directio,
992 4322 1064 4408 qua
1095 4297 1333 4381 elementum
1352 4315 1438 4401 per·

124 4428 266 4536 emit,
298 4427 390 4518 inde
407 4428 631 4514 mutabitur.
681 4427 746 4512 Ad
764 4450 880 4540 quam
898 4429 1152 4512 mutationem
1169 4422 1438 4511 inuenientium

188 4593 331 4678 Tom.
350 4591 426 4680 IV.
447 4591 560 4682 Nor.
579 4585 697 4679 Com·
888 4583 929 4677 G
1318 4586 1442 4675 conci·
