4484 5934
1336 535 1528 713 aaa

778 805 965 918 ruperia.
1006 798 1179 890 vertant·
1211 801 1383 914 euolurin
1420 813 1750 890 ‚memoratomm
1811 797 2074 888 ciuusietmu

779 939 908 1023 mitto
937 932 1130 1018 difficriior
1158 928 1243 1039 est,
1269 942 1386 1042 qmm
1426 935 1558 1040 primo
1593 934 1726 1014 intuiut
1773 931 1938 1014 uidetur.
1990 929 2075 1014 De·

772 1063 1066 1172 prehenduntur
1096 1061 1235 1158 enim,
1263 1078 1362 1142 terta
1390 1060 1552 1170 quadam
1571 1058 1666 1166 sege
1697 1059 1796 1139 inter
1812 1055 1848 1137 se
1863 1058 2077 1162 connecti,

775 1193 885 1271 euius
909 1186 1009 1270 tatio
1028 1186 1080 1268 ita
1103 1187 1319 1268 abscondita
1344 1188 1524 1288 ridetur,
1553 1203 1599 1265 vr
1616 1184 1766 1267 Autior
1792 1207 1882 1266 eam
1908 1187 2076 1292 primum

779 1312 855 1401 sine
887 1311 1241 1416 demonstratione,
1274 1311 1340 1394 soli
1373 1312 1579 1394 inductioni
1609 1312 1792 1414 innixus,
1821 1296 1984 1392 attulerit
2002 1372 2019 1415 ,
2034 1332 2079 1394 ac

779 1438 1031 1551 postmodum
1059 1445 1218 1523 demum
1248 1439 1348 1547 pou.
1362 1439 1470 1548 plura
1502 1441 1710 1520 tentamina
1749 1437 2081 1520 demonstrationis

779 1589 947 1676 compos
977 1568 1017 1650 su
1048 1565 1194 1673 fastrat,
1224 1589 1339 1676 quam
1370 1569 1411 1647 in
1443 1564 1704 1648 schediatmue
1734 1564 1903 1647 subnexo
1932 1561 2077 1646 seorsuo

779 1693 970 1802 exposuit.
1004 1691 1156 1774 Veritas
1185 1711 1314 1774 autem
1341 1690 1473 1796 haec,
1503 1692 1758 1773 demonstratu
1792 1707 1872 1770 tam
1890 1687 2078 1790 difficilia,

778 1816 826 1900 in
859 1817 937 1901 huc
967 1818 1166 1920 constitit,
1195 1836 1240 1899 ut
1269 1820 1309 1898 in
1341 1819 1453 1900 omni
1484 1839 1644 1921 corpure
1685 1816 1811 1900 hedris
1857 1815 1974 1923 planis
2020 1816 2078 1898 iu-

600 2029 607 2037 ,
778 1940 1159 2050 dusoaggregatum
1190 1961 1243 2023 ex
1275 1964 1439 2024 nurnero
1468 1941 1672 2026 hedrarum
1710 1962 1755 2024 et
1802 1965 1967 2026 nurnero
2013 1963 2078 2024 an·

778 2067 956 2178 gaiorum
987 2064 1197 2148 solidorum
1228 2063 1374 2176 semper
1407 2070 1553 2152 binario
1579 2071 1738 2152 excedat
1762 2091 1966 2154 numerum
1984 2067 2079 2153 acie·

780 2217 901 2300 rum,
933 2217 1029 2302 quae
1062 2192 1279 2308 propofiuo
1306 2194 1460 2301 analoga
1491 2194 1545 2276 est
1570 2195 1637 2299 ei,
1667 2219 1738 2302 qua
1770 2197 1809 2278 iu
1853 2191 2080 2281 Geometria

778 2316 896 2433 plana
925 2343 1104 2402 numerus
1133 2320 1359 2426 anguionun
1391 2323 1568 2429 cuiusque
1599 2319 1740 2428 figurae
1773 2321 1986 2405 rectilineae
2014 2345 2078 2404 ou·

776 2469 896 2534 meto
931 2445 1092 2532 laterum
1126 2445 1287 2553 aequalia
1313 2450 1595 2553 pronunciatio.
1634 2453 1763 2556 Atque
1796 2469 1839 2530 vt
1872 2447 1966 2530 haec
1998 2448 2080 2530 suo·

781 2569 1012 2655 dementum
1032 2571 1261 2680 cognitionis
1278 2569 1480 2680 figurarum
1497 2575 1669 2656 continet
1686 2640 1698 2678 ,
1715 2575 1765 2656 ita
1786 2575 1846 2658 iiia
1872 2575 1910 2656 in
1930 2569 2081 2656 Sterco-

783 2701 934 2804 metria
955 2701 1084 2808 prima
1112 2692 1254 2780 solidae
1284 2699 1524 2806 cognitionis·
1546 2701 1730 2808 principia
1767 2700 1980 2808 complesti
2028 2698 2082 2783 esi

783 2825 993 2939 putanda„
1028 2820 1167 2906 Statim
1202 2847 1299 2934 ergo
1329 2844 1442 2933 atque
1473 2825 1513 2905 in
1552 2849 1715 2934 corpore
1764 2831 1877 2909 trium
1928 2849 2084 2910 memo·

784 2973 959 3066 natorum
989 2947 1252 3034 charaiterum
1292 2950 1371 3032 bini
1419 2947 1551 3032 sierint
1599 2953 1774 3060 cogniti,
1825 2955 1951 3036 tertius
1997 2953 2106 3035 inde·

780 3074 958 3160 satissime
990 3076 1201 3161 innotescit,
1233 3071 1275 3160 Si
1305 3076 1406 3158 euim
1438 3101 1612 3160 numerus
1638 3078 1861 3186 angulorum
1879 3079 2083 3164 sotidonm

781 3201 905 3304 siterit'
924 3229 979 3287 ::.·
996 3202 1053 3304 S,
1085 3226 1261 3287 numerus
1275 3204 1441 3286 acierum
1459 3227 1513 3286 :z
1533 3203 1571 3284 Α
1591 3266 1603 3307 ,
1621 3226 1662 3286 er
1686 3227 1864 3288 numerus
1878 3205 2083 3288 brutarum

785 3351 840 3417 t:
855 3305 926 3430 Ἠ,
958 3327 1109 3435 semper
1147 3329 1306 3412 habetur
1333 3323 1362 3410 S
1382 3329 1577 3419 411:
1597 3333 1635 3414 Α
1653 3343 1719 3424 -t-
1742 3356 1796 3430 2,
1828 3331 1993 3440 hincque
2019 3329 2086 3414 tes
2234 3336 2235 3341 '

786 3451 1231 3551 SzA-t-a-H,
1263 3451 1326 3534 vei
1361 3453 1800 3559 HzA-t-a-S,
1831 3457 1895 3539 tei
1926 3451 2086 3542 A:S

790 3597 840 3678 ιι-
860 3579 899 3662 Η
920 3618 960 3636 -
982 3603 1007 3661 2
1032 3644 1044 3687 ,
1076 3601 1172 3688 quae
1201 3578 1391 3660 relationis
1426 3579 1644 3689 fimplicitas
1676 3582 1729 3665 ob
1756 3581 2089 3666 drmonssrarionie

785 3705 1048 3795 difficultatem
1080 3704 1202 3814 magis
1229 3705 1400 3788 miranda
1432 3704 1592 3790 videtur.
1656 3703 1808 3792 Deinde
1848 3734 1937 3791 cum
1988 3707 2088 3817 figu-
2233 3740 2234 3747 Ν

786 3857 915 3922 tarum
950 3831 1143 3940 planarum
1175 3831 1268 3912 haec
1300 3829 1347 3913 sit
1376 3831 1557 3938 palmaria
1575 3836 1816 3945 proprietas,
1832 3835 1935 3943 quod
1950 3857 2089 3918 omnes

788 3958 917 4068 anguli
948 3957 1105 4040 iunctim
1138 3956 1249 4039 sumti
1280 3955 1447 4066 aequales
1483 3959 1554 4043 sant
1600 3960 1657 4043 bia
1705 3981 1766 4042 tot
1797 3960 1910 4043 retis
1944 4023 1957 4064 ,
1990 3976 2090 4068 quot

789 4083 875 4170 sunt
905 4083 1057 4192 anguli,
1086 4082 1225 4166 demtis
1253 4100 1433 4190 qrutuor:
1467 4083 1518 4168 ita
1550 4087 1664 4169 etiam
1696 4087 1791 4169 circa
1822 4083 1934 4168 solida
1960 4085 2092 4169 hedris

791 4208 916 4322 plania
949 4208 1082 4292 inclusa
1108 4208 1259 4294 uuoor
1288 4210 1387 4319 quafi
1418 4210 1580 4294 srmilem
1615 4212 1887 4322 proprietatem
1916 4213 2091 4294 demon·

791 4335 910 4452 fltat,
942 4357 1037 4449 quae
1069 4335 1171 4422 circa
1199 4333 1359 4448 angulos
1387 4334 1608 4450 finguiamm
1645 4338 1846 4427 Quum
1892 4337 2092 4445 uersatur,

1919 4485 2088 4575 quotum
2231 4494 2232 4563 t
