4484 5934
256 927 275 942 ”
381 888 1222 1026 DENVMERIS

159 1132 1443 1260 Qutsvnrncoancntnnvoavn

483 1331 1123 1450 ovnnnnronvn.

424 1565 652 1659 nvom
715 1567 760 1656 n
825 1574 1172 1659 uvanto

581 1826 646 1862 ..
735 1895 849 1994 Μ

155 1989 508 2442 NAturam
548 2170 793 2234 numerorum
836 2147 999 2260 pluribus
1034 2150 1160 2236 modis
1198 2152 1350 2241 scortari
1387 2161 1445 2242 so·-

374 2279 453 2362 lent
461 2277 725 2384 arithmetici,
740 2279 833 2374 dum
851 2301 984 2362 eorum
1004 2279 1192 2386 originem
1212 2285 1275 2368 vel
1294 2309 1363 2394 per
1379 2289 1444 2371 ad·

316 2471 322 2480 .
371 2410 558 2504 ditionem
584 2404 647 2488 vel
665 2431 736 2516 per
761 2404 1124 2516 multiplicationem
1154 2413 1444 2519 tepraelentant.

151 2535 294 2620 Peioris
307 2536 448 2644 generis
465 2535 542 2620 stne
558 2532 676 2616 dubio
694 2531 960 2643 simpliciffima
978 2533 1030 2617 est
1048 2539 1285 2644 compositio
1300 2545 1447 2625 exuui-

156 2665 317 2770 tatibus,
332 2685 399 2774 qua
418 2687 554 2746 omnes
576 2663 723 2744 numeri
740 2663 878 2772 integri
905 2687 976 2771 pet
986 2663 1301 2772 aggregationem
1320 2672 1446 2752 unita-

152 2808 239 2874 tum
260 2793 348 2875 oriri
370 2793 651 2902 concipiuntur.
695 2791 801 2872 Tum
821 2791 969 2874 numeri
986 2793 1209 2900 quoqueita
1224 2795 1446 2882 considerati

154 2918 335 3029 potsunt,
370 2922 502 3029 prouti
526 2944 578 3004 ex
610 2917 801 3002 additione
833 2919 996 3002 duorum
1030 2917 1247 3026 plurinmne
1282 2923 1444 3008 aliorum

154 3071 399 3132 numerorum
425 3050 658 3158 integrorum
690 3045 908 3150 nascuntur,
941 3071 1018 3155 quo
1051 3049 1212 3154 pertinet
1244 3051 1446 3157 problema

156 3177 202 3259 de
232 3177 441 3284 partitione
474 3199 760 3278 numerorum,
799 3177 901 3256 cuius
936 3172 1162 3256 solutionem
1200 3177 1344 3285 aliquot
1368 3181 1446 3264 fab.

156 3301 241 3390 hinc
271 3304 381 3386 annis
410 3299 601 3410 exposui,
633 3303 786 3409 inquo
819 3303 1035 3407 quaeritur,
1071 3318 1167 3408 quot
1207 3304 1318 3386 variis
1355 3331 1444 3390 mo·

159 3429 211 3512 dis
246 3429 409 3541 quilibet
449 3453 626 3512 numerus
666 3426 876 3536 propofitus
916 3452 1000 3534 per.
1016 3427 1249 3510 additionem
1280 3434 1446 3522 duonum

159 3561 367 3666 pluriumue
411 3579 663 3640 numerorum
716 3555 909 3638 minorum
956 3552 1127 3636 resultare
1174 3555 1297 3664 poffit.
1368 3564 1446 3646 Hic

154 3707 284 3769 autem
309 3681 489 3770 ,constitui
521 3709 607 3768 eam
641 3705 892 3764 numetontm
926 3683 1251 3791 compositionem
1287 3711 1447 3799 perpen.

155 3813 272 3918 dere,
319 3835 393 3922 qua
433 3835 505 3921 per
525 3809 777 3894 ‚additionem
802 3809 976 3892 duorum
1011 3810 1278 3921 quadratorum·
1310 3819 1445 3920 pmde

154 3961 220 4024 unt
259 3967 271 4050 3
305 3957 464 4022 etcum
495 3938 573 4023 hoc
607 3937 729 4021 modo
762 3961 841 4018 non
876 3961 1011 4021 omnes
1054 3942 1218 4022 numeri.
1245 3944 1447 4051 oriantur,¹

152 4071 336 4179 qnoniam
357 4070 486 4175 ingens
503 4067 556 4150 est
586 4089 720 4148 eorum
754 4063 985 4168 multitudo,
1011 4069 1075 4176 qui
1109 4093 1180 4176 per
1207 4067 1447 4158 additionem

153 4201 319 4282 duorum
353 4199 515 4306 quadran
532 4219 614 4278 rom
648 4193 804 4303 produci
837 4212 1056 4301 nequeunt,
1087 4197 1131 4277 in
1163 4221 1298 4278 eorum
1338 4219 1449 4284 natu·

153 4351 234 4410 ram
269 4345 308 4407 ct
339 4325 593 4432 proprietates
625 4384 637 4420 ‚
687 4322 750 4431 qni
782 4317 865 4402 sttnt
897 4318 1064 4406 summae
1096 4322 1261 4405 duontm
1292 4324 1452 4435 quadra·

147 4473 283 4540 torum
321 4510 333 4554 ,
382 4451 447 4536 hic
490 4450 690 4564 inquiram.
763 4445 937 4562 Quarum
971 4463 1255 4564 proprietatnm
1303 4455 1451 4545 etitmfi

559 4590 565 4602 '
745 4577 787 4664 Α
827 4599 853 4656 2
1306 4585 1454 4694 plerae-
