4484 5934
1286 203 1298 248 s

613 488 640 564 ⁵
787 549 878 641 aar
921 534 1013 622 nn
1052 523 1503 624 conrnsronn
1533 529 1944 638 sontoorrn
1992 545 2003 573 ν

641 795 646 801 ·
786 772 946 859 uinculo
993 775 1157 862 liberum
1214 779 1254 863 in
1304 775 1504 864 uastilsrma
1554 777 1819 888 atmosplraera
1870 803 1947 862 nou
1998 802 2080 864 ma-

789 904 847 1014 gia
897 904 953 985 ell
1002 906 1157 1016 sulphur
1209 908 1471 1016 metallicum,
1521 931 1634 1016 quam
1665 905 1828 990 animale
1864 907 1926 988 vel
1962 927 2081 1016 uege-

792 1035 907 1116 tabrle
951 1095 963 1133 ,
1013 1039 1075 1118 led
1118 1040 1349 1148 principium
1391 1057 1639 1142 commuue,
1673 1057 1803 1144 aptum
1839 1035 1884 1116 ad
1914 1057 2079 1142 corpora

792 1186 1033 1272 quaecunque
1075 1165 1314 1272 ingredienda
1351 1229 1363 1268 ,
1415 1166 1593 1276 liganda,
1642 1161 1914 1246 constituenda.
1980 1161 2082 1245 Hinc

794 1288 951 1380 metalla
984 1283 1159 1400 sulphure
1192 1290 1259 1377 suo
1290 1294 1421 1376 orbata
1456 1356 1468 1397 ,
1515 1287 1595 1373 hoc
1638 1293 1775 1376 itemm
1811 1291 1997 1400 recipiunt
2015 1289 2081 1371 'ex

793 1415 1008 1523 vegetabili.
1054 1413 1095 1500 Si
1120 1422 1265 1503 etenim
1302 1421 1485 1504 materies
1512 1419 1615 1527 prius
1639 1441 1710 1528 per
1736 1415 1926 1525 speculum
1954 1417 2081 1499 caulli-

793 1565 884 1624 cum
911 1542 1114 1628 vitrificata
1148 1549 1187 1627 in
1219 1548 1393 1656 cupella,
1425 1545 1560 1630 deinde
1586 1545 1706 1654 pofita
1733 1545 1839 1655 supra
1872 1547 2081 1628 carbonem

759 1675 773 1758 .’
791 1665 959 1754 funditur
991 1675 1130 1756 iterum
1165 1697 1234 1780 per
1266 1677 1408 1758 vitrum
1441 1697 1580 1775 urens,
1610 1693 1700 1756 tune
1732 1676 1822 1756 ilico
1852 1671 1987 1786 induit
2004 1675 2085 1782 pri·

770 1795 928 1880 'stiuam
963 1804 1131 1884 sormam
1167 1821 1208 1882 et
1241 1802 1373 1908 recipit
1406 1799 1575 1882 indolem
1608 1801 1857 1896 metallicam.
1894 1799 2084 1908 mdeste,

794 1921 898 2035 quod
947 1926 1098 2012 metalla
1132 1928 1289 2012 carboni
1324 1928 1527 2037 imposita,
1575 1927 1724 2012 srsoco
1755 1927 1891 2038 speculi
1937 1930 2084 2012 caustici

793 2072 1074 2161 exponuntur,
1105 2075 1299 2165 nunqu-tm
1333 2053 1564 2152 uirtescant,
1596 2053 1657 2138 sed
1685 2055 1857 2140 dissiliant
1889 2057 1927 2136 iu
1973 2059 2084 2166 parua

556 2259 562 2270 ,
789 2177 1037 2290 tegmenta,
1076 2183 1227 2294 semper
1267 2181 1388 2266 adhuc
1426 2181 1654 2292 metallica3
1695 2185 1808 2267 carbo
1848 2183 1995 2266 etenim
2033 2181 2084 2264 de

700 2403 703 2409 ,
770 2306 863 2390 ‘stro
879 2304 1065 2419 >sulphure
1098 2311 1304 2420 vegetabili
1336 2310 1486 2409 reddit,
1517 2307 1609 2391 loco
1638 2313 1749 2417 eius,
1781 2309 1884 2420 quod
1900 2311 2001 2418 ignis
2017 2309 2080 2395 ata

795 2433 957 2522 sluletat.
994 2435 1064 2522 Est
1097 2462 1192 2545 ergo
1226 2435 1373 2548 sulphut
1400 2427 1666 2548 metallicum
1698 2439 1870 2520 oleosum
1905 2461 2085 2546 nempe,

794 2583 978 2672 opacant,
993 2562 1186 2671 colorans,
1205 2583 1243 2648 et
1261 2561 1473 2648 malleabile
1492 2563 1664 2667 reddens,
1681 2565 1786 2647 idem
1797 2545 1819 2670 ζ
1835 2565 1941 2674 quod
1963 2589 2082 2674 vege-

797 2689 915 2774 tabile
934 2716 948 2802 3
975 2709 1017 2774 et
1034 2690 1089 2774 est
1107 2691 1184 2774 hoc
1206 2695 1339 2802 idem,
1361 2690 1463 2802 quod
1481 2692 1642 2777 animale
1659 2691 1723 2775 sub
1738 2693 1898 2775 nomine
1914 2693 2080 2802 glutinis.

944 2949 1004 3035 Vt
1035 2972 1128 3061 ergo
1158 2951 1335 3035 omnium
1378 2973 1584 3062 corponrm
1625 2949 1719 3035 basis
1755 2951 1808 3035 nli
1847 2969 1949 3036 terra
1991 2950 2082 3036 sun·

794 3077 1024 3194 plieiliima,
1054 3077 1319 3188 elementalis,
1352 3078 1517 3160 sormam
1542 3075 1663 3184 dans,
1686 3099 1728 3160 er
1751 3081 1806 3161 rei
1830 3080 2081 3188 cuiuscunque
2201 3165 2202 3182 Ν

793 3207 980 3319 principia
1011 3223 1156 3290 caetera
1189 3203 1291 3314 nul,
1339 3205 1483 3321 deinde
1511 3223 1551 3284 et
1582 3205 1681 3287 inter
1712 3205 1777 3306 se,
1824 3205 1991 3310 uniens,
2023 3209 2081 3289 ni-

795 3336 874 3420 mis
915 3358 985 3443 pet
1024 3335 1059 3414 se
1100 3331 1274 3416 volatilia
1315 3355 1338 3414 a
1377 3329 1618 3440 dissipatione
1658 3333 1850 3438 retinens,
1892 3331 2082 3440 praeliant

793 3461 1013 3547 sicultatem
1052 3458 1166 3544 alieni
1207 3455 1428 3543 assimilandi
1466 3461 1504 3538 in
1543 3459 1791 3568 cuiuscunque
1828 3458 1960 3541 nutriti
1995 3485 2080 3543 cot·
2200 3547 2201 3552 Ν

730 3671 734 3678 ,
796 3593 1139 3700 pontenurum,
1174 3587 1343 3692 adeoque
1374 3603 1414 3669 et
1446 3584 1673 3696 potestatem
1712 3585 1936 3669 seminalem
1987 3609 2085 3695 pro·

794 3717 947 3800 creandi
979 3714 1047 3799 fibi
1079 3715 1214 3801 similia
1254 3711 1446 3814 efficiens,
1489 3735 1583 3821 quae
1623 3733 1783 3820 pereunt
1819 3715 1983 3819 omnia,
2023 3709 2083 3795 sa-

794 3841 899 3930 btica
930 3868 953 3926 a
984 3862 1081 3926 terta
1108 3842 1308 3952 praecipue
1342 3841 1529 3949 pendente
1559 3837 1761 3937 denuoi,
1787 3843 1837 3924 ita
1855 3840 1898 3923 in
1917 3839 2085 3926 Metellis

797 3986 840 4054 et
868 3971 1088 4081 quibusdam
1121 3967 1316 4052 Folirlibus
1333 3967 1470 4052 similia
1496 3967 1659 4076 praestat
1684 3969 1905 4076 Argentum
1930 3971 2082 4050 niutau.

798 4097 902 4185 Hinc
951 4096 1263 4187 Hermetlcornm
1297 4095 1579 4204 antiquissimi,
1617 4093 1682 4204 qui
1722 4115 1763 4177 et
1796 4095 1936 4204 oprimi
1970 4096 2084 4194 sunt.

794 4223 923 4338 palam
956 4221 1179 4325 affirmant,
1210 4247 1265 4308 ex
1300 4219 1494 4306 Mercurio
1523 4221 1668 4304 lincero
1697 4218 1780 4304 solo
1813 4247 1882 4330 per
1911 4216 2087 4330 Sulphur

794 4347 1035 4462 purissimum
1062 4350 1188 4435 fixato
1215 4347 1310 4432 nasci
1338 4352 1485 4434 Aurum
1517 4368 1557 4431 et
1584 4351 1799 4460 Argentum
1822 4375 1836 4458 3
1870 4373 1920 4431 ex
1942 4349 2085 4430 eodem

646 4491 652 4502 '
796 4499 891 4564 tero
924 4477 1054 4566 miuus
1083 4475 1279 4565 desoeearo
1312 4485 1361 4562 et·
1382 4495 1541 4590 argento
1567 4473 1670 4561 uino
1701 4479 1822 4590 aragia
1846 4475 1968 4560 aliena
1998 4475 2089 4558 labe

2014 4603 2083 4687 'rn-
2197 4595 2198 4686 l
