4484 5934
551 443 1085 612 EXOYldvl
1287 533 1472 626 ,tm

187 745 345 842 orificio
374 753 567 861 somno,
617 757 722 840 culus
752 759 942 845 diameter
976 757 1016 873 ll
1053 753 1150 866 Poll.
1182 757 1268 859 eli,
1298 757 1340 840 in
1390 711 1492 868 cute
1639 831 1645 838 .

187 883 280 968 hiat.
315 883 507 969 Foramen
536 883 716 990 singulam
743 907 820 996 pro
866 887 998 968 vrinae
1047 882 1154 966 fluxu
1190 947 1203 992 ‚
1254 883 1343 968 licet
1390 870 1476 970 diliss

186 1029 320 1122 genter
345 1009 655 1126 perquifiuerim,
684 1015 851 1124 repetite
884 1033 962 1097 non
991 1010 1113 1122 potui.

335 1213 468 1304 Cruda
498 1220 663 1330 superias
692 1245 744 1304 ex
775 1220 933 1307 cinereo
963 1216 1075 1302 ferrei
1103 1219 1244 1304 coloris
1283 1219 1370 1329 est,
1410 1223 1471 1309 in·

152 1349 328 1458 scrius,
362 1348 535 1457 inprimis
566 1350 607 1431 in
640 1349 863 1459 principio,
904 1347 1040 1429 carnei.
1078 1345 1379 1434 Rotundiusrula
1424 1350 1472 1435 ab

184 1478 298 1559 initio
329 1475 544 1581 cretosa,
593 1473 808 1584 ibidemque
838 1473 983 1560 circuio
1022 1474 1189 1582 pilorum
1220 1473 1374 1558 obscure
1409 1473 1473 1560 su-

181 1601 329 1702 scorum
357 1611 392 1698 ἢ
411 1600 508 1709 poll.
543 1600 763 1708 longorum,
781 1603 980 1712 pinguium
991 1628 1012 1703 '‚
1029 1600 1153 1684 cindla
1173 1664 1184 1705 ‚
1202 1603 1321 1684 tenuis
1338 1621 1377 1684 et
1393 1601 1471 1687 lata

182 1729 318 1814 sensim
349 1728 509 1832 euadit,
545 1747 586 1808 et
623 1727 664 1808 in
696 1745 851 1814 tenuem
883 1731 1038 1837 apicem
1077 1727 1223 1813 definit.
1256 1728 1303 1814 ln
1333 1729 1471 1815 medio

177 1858 401 1940 muxirmm
439 1853 679 1938 latitudinem
718 1851 848 1941 habet.
912 1853 1034 1938 Partis
1082 1856 1182 1940 latae
1234 1880 1323 1942 orae
1372 1856 1470 1940 scin·

176 1983 313 2066 dentes
341 1985 418 2064 scre
448 1977 533 2063 sunt
552 1993 649 2074 ,et
665 1999 872 2092 rtrumque
901 1979 996 2065 latus
1022 1982 1065 2064 in
1097 1981 1230 2067 medio
1246 2007 1316 2092 per
1340 2002 1467 2070 totam

174 2108 460 2218 longitudinem
493 2110 535 2190 in
565 2089 687 2190 aciem
717 2109 907 2219 quandam
936 2108 1130 2213 elemtur,
1160 2108 1273 2192 instar
1297 2111 1470 2220 ancipitis

173 2238 326 2346 gladii,
359 2238 461 2320 cuius
489 2232 653 2344 figuram
687 2255 770 2320 tota
809 2233 948 2319 caudae
997 2233 1072 2350 lata
1120 2255 1162 2318 et
1197 2236 1333 2321 'tenuis
1380 2261 1469 2346 pars
1632 2307 1634 2314 ⁴
1815 2236 1820 2246 '

172 2365 309 2448 refert.
371 2363 513 2450 Latera
560 2360 677 2472 ptnis
723 2363 821 2448 latae
854 2383 934 2446 non
981 2359 1297 2470 horizontaleur,
1347 2383 1393 2446 vt
1424 2365 1495 2447 iu·

169 2491 365 2597 castore,
412 2490 476 2574 sed
527 2490 753 2574 verticalem
803 2488 915 2573 stum
958 2485 1112 2572 babent.
1193 2474 1301 2580 ‘sota
1348 2490 1467 2578 cauda

166 2616 467 2727 squamosaell.
500 2612 691 2724 Squamae
727 2639 823 2726 aqut
865 2613 993 2726 tepida
1038 2613 1148 2701 sicile
1197 2615 1409 2702 secedentes
1444 2614 1476 2722 ,'

166 2743 321 2854 figurae
351 2744 468 2829 onalis
494 2745 609 2852 sunt,
642 2744 707 2838 ab
720 2743 832 2826 initio
866 2741 1009 2828 caudae
1056 2744 1248 2849 maiores,
1298 2763 1340 2828 et
1388 2767 1465 2854 pro

166 2871 353 2957 diliautia
385 2870 433 2954 ab
464 2895 510 2954 ea
539 2875 742 2974 minores,
780 2868 948 2978 longiori
977 2887 1082 2977 parte
1114 2869 1349 2954 transuerlim
1379 2871 1463 2956 fin.

167 2998 356 3086 Dimidia
389 3014 541 3080 tantum
574 3019 660 3104 pars
690 2996 865 3101 eminet,
899 2995 1040 3103 reliqua
1056 2997 1102 3078 ab
1118 2996 1270 3080 alterius
1285 2997 1464 3108 squamae

166 3128 337 3212 dimidia
367 3143 474 3237 parte
503 3123 654 3231 regitur.
717 3120 836 3207 Series
868 3117 1105 3230 squamarum
1136 3125 1189 3207 ita
1221 3121 1289 3207 srbi
1338 3123 1464 3208 succo·
1542 3155 1547 3164 ·
1645 3162 1650 3174 ·

167 3256 302 3360 dunt,
334 3274 380 3337 ut
413 3251 576 3360 lingulae
607 3247 787 3359 sequentis
813 3249 918 3332 seriei
948 3249 1070 3357 spatio
1097 3249 1229 3332 medio
1246 3252 1344 3334 inter
1370 3253 1463 3336 duas

164 3381 447 3493 praecedentes
474 3379 738 3493 respondeant.
802 3372 883 3458 Sub
911 3375 1061 3486 singulis
1086 3376 1249 3488 squamis
1285 3402 1310 3456 2
1344 3376 1453 3476 uela

162 3510 272 3594 setae
313 3508 532 3617 prodeunt,
570 3516 605 3624 ᾗ
647 3504 742 3612 poll.
792 3503 958 3610 longae,
1005 3527 1059 3586 ex
1092 3504 1195 3600 luteo
1226 3503 1458 3610 albicantes,
1616 3549 1619 3554 ,

161 3638 309 3747 quibus
338 3639 461 3743 itaque
492 3653 573 3718 tota
603 3632 719 3714 cauda
749 3632 849 3716 hirto
882 3629 950 3712 est.
983 3625 1110 3714 Cruda
1143 3629 1197 3714 est
1231 3655 1316 3740 pars
1344 3631 1460 3722 ,huius

157 3764 325 3873 mutis,
356 3785 450 3874 quae
482 3759 658 3844 omniunt
691 3759 865 3846 maxime
898 3757 1103 3844 moschum
1137 3759 1301 3844 redolet.

324 3969 563 4060 internarum
596 3971 765 4084 partium
798 3967 1056 4057 conformatio
1086 3973 1139 4056 ita
1170 3971 1207 4055 se
1253 3969 1407 4056 habet:

235 4114 472 4202 Pulmonum
490 4134 645 4231 quotuor
662 4116 829 4202 maiores
844 4115 931 4201 lubi
946 4180 958 4223 ,
975 4135 1014 4198 et
1029 4115 1172 4226 aliquot
1190 4115 1368 4201 minores
1439 4191 1441 4198 ,

237 4257 374 4371 llepar
438 4259 559 4346 latum
603 4321 616 4364 ,
683 4279 796 4344 tenue
837 4327 850 4371 ,
898 4259 1042 4369 figurae
1087 4260 1318 4371 trapezoidis
1353 4325 1366 4366 ,
1415 4263 1458 4346 in

159 4386 346 4499 quinque
394 4385 505 4473 lubus
551 4389 718 4473 maiores
764 4405 805 4474 et
850 4388 996 4497 aliquot
1062 4393 1232 4484 annuns
1276 4386 1455 4476 sellum.

228 4527 363 4652 (som.
394 4526 469 4656 lv.
500 4530 611 4625 Nou
644 4526 765 4626 Com.
898 4527 1010 4620 Ccc
1271 4653 1275 4660 ι
1376 4529 1460 4647 vo
