4484 5934
839 593 932 682 2⁷4
1012 551 1316 660 uolumen.
1350 554 1423 651 m
1460 553 1711 655 nmnnsr
1749 559 1932 655 urm.

832 805 1090 918 superiorique
1136 743 1261 886 uersru
1296 795 1464 882 secedere
1487 779 1626 884 'ditent
1656 827 1678 882 a
1710 797 1784 887 sule
1818 804 2026 914 impeditus
2053 827 2114 891 cr·

835 939 971 1018 vitaret
1001 929 1155 1035 effecit,
1207 951 1303 1038 quae
1333 923 1439 1008 effici
1477 927 1576 1012 haud
1617 951 1817 1037 potuerunt
1864 933 1913 1014 rb
1946 939 2036 1016 aere
2066 955 2115 1018 ex

832 1057 1012 1176 superiori
1040 1079 1151 1172 purte
1181 1075 1221 1140 et
1251 1053 1430 1138 lateribus
1458 1055 1642 1139 inclinatis
1674 1057 1790 1142 libere
1820 1060 2058 1146 ascendente.

1215 1305 1767 1399 EXPERIM.II.
1896 1355 1901 1360 ·

826 1567 830 1576 .
953 1505 991 1610 9.
1030 1517 1070 1596 d.
1099 1497 1151 1588 Iu
1178 1502 1370 1613 temperie
1397 1526 1512 1613 aquae
1549 1511 1621 1608 84.
1651 1526 1709 1613 gr.
1747 1499 1911 1587 Themi
1945 1499 1993 1588 F.
2026 1507 2115 1595 rint·

835 1637 929 1725 dem
959 1631 1170 1738 quantitatis
1206 1631 1249 1712 in
1288 1629 1429 1714 eodem
1468 1631 1555 1712 vase
1585 1631 1729 1715 cubum
1758 1629 1953 1740 altemm,
1989 1637 2113 1724 simili.

686 1789 688 1794 ·
833 1781 895 1850 ter
925 1766 967 1846 in
999 1759 1283 1871 argentomo
1313 1757 1361 1839 nd
1392 1756 1625 1866 temperiem
1662 1767 1734 1860 84.
1764 1759 1868 1867 grad.
1910 1761 2113 1870 reductum,

832 1893 1067 1980 examinari.
1131 1881 1316 1970 Similiter
1344 1905 1487 1992 nempe
1519 1882 1682 1991 suspendi
1712 1885 1892 1970 eubulum
1925 1912 1977 1972 ex
1999 1891 2115 1974 bilrn·

833 2043 881 2106 ee
915 2037 957 2104 et
987 2040 1107 2130 rqure
1140 2009 1284 2097 immisi
1317 2073 1332 2118 ,
1377 2028 1516 2096 notato
1544 2029 1718 2122 ternpore
1754 2074 1767 2119 ,
1810 2031 1851 2094 et
1883 2024 1970 2116 93}
2001 2021 2115 2129 granis

833 2146 964 2253 iunci,
996 2168 1050 2230 ex
1081 2164 1157 2251 qne
1186 2136 1342 2222 eubulus
1368 2131 1560 2248 pendebat
1592 2156 1703 2225 anter
1736 2135 1927 2248 impositis
1960 2207 1974 2250 ,
2022 2146 2113 2256 quod

836 2273 1133 2362 decrementum
1165 2290 1218 2349 ex
1246 2263 1431 2375 grauitate
1457 2257 1627 2374 specifica
1661 2263 1742 2374 pati
1773 2265 1907 2352 debuit
1939 2271 1979 2351 in
2009 2297 2113 2382 aqua,

835 2397 945 2486 elteri
974 2420 1071 2484 vero
1103 2391 1200 2480 lauci
1237 2400 1350 2494 195}
1379 2393 1518 2502 grunir.
1580 2385 1725 2479 Addidi
1752 2391 1847 2480 dein
1872 2395 2020 2506 pondus
2047 2407 2114 2500 173

835 2549 1038 2640 grununun
1070 2529 1159 2626 93}
1185 2516 1425 2630 grunislanci
1444 2581 1457 2625 ‚
1474 2540 1614 2629 exque
1629 2521 1783 2606 eubulus
1810 2519 2000 2632 pendebat
2018 2592 2029 2632 ,
2044 2525 2113 2610 im·

825 2653 972 2769 ‘politis
991 2717 1002 2760 ,
1032 2669 1142 2762 utque
1172 2642 1439 2758 aequilibrium
1455 2644 1542 2760 post
1558 2654 1613 2743 a}
1630 2645 1787 2766 minpr.
1806 2647 2020 2736 restitutum
2037 2653 2111 2736 eli:

836 2781 964 2866 rddidi
996 2776 1115 2864 rursus
1149 2798 1207 2858 20
1239 2795 1357 2882 grene
1388 2792 1432 2856 et
1458 2774 1512 2856 ita
1527 2773 1756 2858 continuari.
1818 2769 2112 2864 Derrementum

837 2907 1017 3020 ponderis
1045 2905 1170 2989 eubuli
1201 2901 1404 2986 interuallo
1436 2905 1495 2982 26
1526 2901 1622 2984 min.
1657 2929 1718 3013 pr.
1752 2899 1820 2988 firir
1866 2909 1982 3010 174}
2018 2934 2110 3014 gran,
2202 2879 2204 2972 l

838 3035 1055 3136 residuum,
1087 3053 1181 3116 cum
1213 3027 1468 3140 ponderatum
1487 3023 1583 3131 fuit,
1621 3052 1670 3110 21
1696 3057 1917 3141 granorum.
1959 3029 2116 3118 Cubulur
2201 3121 2203 3124 ,

839 3161 955 3248 rursus
986 3161 1114 3245 abibat
1144 3161 1183 3241 in
1214 3157 1455 3265 pyramidem
1488 3174 1699 3240 truncatam
1732 3155 1939 3268 superficiei
1973 3185 2111 3272 praeter

839 3288 941 3374 busin
973 3285 1094 3374 laeuis.
1125 3279 1258 3390 nafis,
1288 3301 1334 3368 ut
1364 3283 1404 3364 in
1436 3282 1566 3392 ptimo
1587 3288 1856 3392 experimento
1874 3351 1886 3389 ,
1903 3291 2114 3374 cuuitrtibuu
2199 3386 2200 3409 Ν

839 3415 1042 3525 inaequalis
1068 3395 1119 3498 'et
1157 3410 1325 3524 pyramis
1366 3410 1521 3493 tandem
1556 3405 1737 3496 ‘desumit
1767 3411 1913 3495 reddita
1944 3415 2009 3498 est.
2071 3413 2114 3498 ln

838 3539 1005 3655 sequenti
1039 3539 1164 3623 tubulu
1193 3531 1461 3648 sillo'pondera
1491 3533 1611 3638 lanei,
1642 3561 1696 3622 ex
1713 3564 1785 3650 qun
1802 3540 1957 3624 eubulus
1975 3543 2114 3652 pende·
2198 3548 2200 3639 ξ

841 3671 922 3774 bnt,
952 3666 1160 3776 impositu,
1191 3681 1234 3750 et
1250 3682 1403 3776 tempus
1420 3730 1432 3769 ,
1450 3688 1527 3776 quo
1545 3665 1800 3776 aequilibrium
1818 3668 1929 3753 diliis
1942 3671 2117 3783 ponderi·
2197 3760 2199 3805 r

843 3797 907 3882 bus
937 3793 1151 3878 restitutum
2196 3902 2198 3971 r

843 3983 1012 4098 pondera
1189 4003 1342 4104 tempus
1488 3985 1677 4162 'ponder-u
1967 4005 2120 4100 tempu
2195 4014 2196 4067 r

847 4135 928 4195 rrr
966 4137 1078 4228 gruna
1113 4115 1380 4228 postqlm.
1410 4144 1468 4233 pr.
1512 4141 1590 4218 171
1635 4138 1747 4228 granu
1840 4162 1861 4182 ·
1922 4159 1944 4181 ·
2009 4127 2091 4222 18}
2195 4107 2197 4139 '

850 4261 933 4340 ¹31
1002 4285 1021 4308 ·
1081 4278 1101 4310 ·
1159 4291 1177 4319 ·
1240 4259 1272 4334 8·
1510 4260 1588 4332 181
1844 4285 1864 4308 ·
1926 4289 1942 4309 ·
2008 4269 2071 4325 22

798 4370 1262 4487 ἰςι--ςια
1513 4375 2075 4488 1893···26

2000 4617 2040 4715 5.
2077 4651 2124 4730 9.
