4484 5934
866 223 961 295 „r

375 514 458 608 ru
509 446 874 603 corrone
922 513 1310 606 auruum.
1377 531 1479 649 ¹³77

193 751 426 873 Necullius
455 752 652 842 momenti
695 745 871 838 obsessio
908 754 988 858 eli,
1022 753 1232 866 generari,
1274 756 1376 866 qnod
1415 779 1484 842 ex.

191 889 353 980 tsabitur
376 892 425 969 de
442 882 653 988 cineribus,
679 868 835 964 demum
854 879 991 962 serrum
1014 900 1096 960 tum
1116 943 1126 979 ,
1145 881 1296 984 quiando
1320 908 1487 990 corpora

189 1017 492 1108 comburuntur:
526 1012 675 1120 agimus
697 1013 838 1090 etenim
866 1007 913 1089 de
940 1005 1131 1114 particulis
1155 1003 1488 1114 constituentibus,

190 1147 360 1254 adeoque
389 1143 476 1226 ferri
506 1137 741 1248 praesentia,
772 1133 857 1247 post
889 1133 983 1242 ignis
1016 1129 1273 1239 uiolentiam,
1316 1134 1486 1244 probat,

189 1276 279 1388 dari·
307 1278 346 1358 in
381 1271 606 1355 memoratis
635 1265 858 1372 corporibus
891 1263 1123 1362 materiem,
1158 1260 1261 1343 unde
1281 1261 1484 1346 metallum

191 1405 271 1488 boc
302 1399 514 1497 conflatur,
547 1395 624 1480 siue
652 1392 691 1477 id
721 1392 789 1474 fiat
821 1416 890 1498 per
921 1392 1057 1496 iguem
1097 1389 1137 1470 in
1181 1387 1484 1496 combustione,

191 1533 267 1616 siue
296 1550 386 1616 ante
417 1528 556 1628 illam,
589 1543 659 1631 per
689 1521 837 1604 causum
869 1537 1132 1628 qurnrcnnqne
1172 1514 1300 1597 aliam.
1451 1592 1455 1600 ,

338 1652 562 1740 Difficillius
590 1642 740 1731 forfitan
773 1646 882 1752 erit,
911 1641 1097 1729 exhibere
1126 1639 1165 1723 in
1199 1637 1374 1724 solidibus
1399 1643 1479 1726 arri·

186 1789 351 1878 mallum
384 1803 424 1867 et
452 1776 718 1894 vegetantium
760 1773 967 1886 particulas.
1047 1767 1246 1856 Notamus
1291 1770 1484 1876 interim,

190 1941 335 2005 terram
357 1934 515 2027 ²‘qnam
549 1905 637 2022 sales
664 1903 824 2010 natini,
863 1899 1070 2012 sulphura,
1114 1893 1393 2003 semimetalla,
1442 1915 1483 1982 et

185 2046 342 2132 metalla
370 2043 535 2143 uiliora,
566 2034 685 2137 dant,
718 2030 745 2114 sr
776 2031 846 2113 rite
879 2033 1112 2138 depuratus,
1143 2021 1220 2108 else
1254 2026 1364 2109 omni
1388 2025 1482 2108 dote

183 2175 331 2265 iterum
364 2169 526 2254 eandem
554 2184 645 2247 cum
678 2158 776 2263 illa,
823 2179 918 2266 quae
951 2179 1004 2237 ex
1054 2150 1327 2260 vegetabilibus
1375 2150 1482 2262 sepa.

184 2324 291 2394 ratur
314 2319 355 2384 et
379 2323 431 2381 ex
452 2288 709 2390 animalibus,
742 2307 816 2366 nec
834 2283 910 2365 ulla
929 2297 1020 2363 nota
1048 2278 1097 2360 ab
1122 2275 1194 2360 hae
1225 2275 1478 2388 distinguitur,
1525 2269 1529 2274 ’

182 2435 236 2520 ln
269 2422 541 2542 persedilsrmis
571 2432 699 2501 autem
734 2409 898 2494 metallis
916 2407 1008 2490 haec
1036 2429 1115 2486 non
1149 2403 1478 2512 deprehenditur,
1549 2484 1550 2488 a

180 2586 286 2674 quae
317 2558 397 2638 eius
427 2552 517 2634 loco
549 2568 622 2656 pro
655 2539 730 2624 basr
762 2534 965 2646 agnoscunt
1003 2534 1220 2640 Argentum
1254 2531 1390 2614 viuum
1425 2529 1476 2616 fi-

177 2709 325 2774 xatnm
345 2707 415 2793 per
433 2674 594 2787 sulphur.
630 2665 794 2776 Sulphur
810 2681 937 2748 autem
956 2661 994 2742 in
1011 2656 1191 2742 omnibus
1219 2658 1477 2766 corporibus,

178 2817 398 2900 bominum
438 2803 577 2886 suerint
625 2795 690 2877 rel
736 2790 882 2875 ratione
929 2785 1139 2870 carentium
1189 2785 1477 2892 animantium,

175 2944 358 3050 stirpium
404 2929 471 3013 uel
503 2918 713 3039 [foffilium,
772 2915 900 3023 palam
949 2909 1137 2995 declarant
1189 2903 1473 2997 Cltemicorum

176 3068 378 3172 Principes
396 3060 501 3141 idem
519 3049 535 3164 (
553 3080 579 3134 a
598 3046 641 3158 l:
675 3061 811 3152 utpote
836 3065 929 3150 quae
956 3041 1112 3134 materia
1140 3037 1293 3117 luminis
1320 3036 1360 3115 in
1388 3061 1474 3119 cor-

175 3223 284 3309 pora
315 3203 558 3299 quaecunque
597 3192 801 3283 penetrat,
839 3169 989 3278 semper
1029 3148 1259 3276 principium
1301 3160 1471 3248 astiuum
1512 3257 1517 3264 „

171 3340 395 3419 mouetur,
429 3323 604 3395 moratur
632 3304 673 3383 in
706 3299 847 3383 horum
883 3294 1016 3405 poris,
1050 3292 1198 3376 molem
1240 3308 1281 3372 et
1321 3291 1473 3400 pondus

167 3470 324 3560 auget,
356 3442 493 3550 figuras
525 3449 678 3534 mutat,
710 3426 894 3536 principia
926 3419 1065 3504 diuersa
1098 3419 1229 3500 miscet
1266 3480 1278 3521 ,
1327 3435 1365 3498 et
1397 3417 1470 3500 hac

167 3583 330 3666 ratione
364 3589 463 3653 noua
494 3582 659 3668 corpora
691 3557 789 3636 iacit.
824 3549 894 3631 Vti
927 3548 1063 3630 deinde
1096 3547 1137 3626 in
1171 3543 1397 3627 animalibus
1430 3563 1471 3627 et
1553 3603 1555 3606 -

164 3695 451 3813 vegetabilibus
498 3691 628 3799 gluten
666 3677 864 3780 aufertur,
907 3677 1002 3759 dum
1044 3671 1352 3774 comburuntur,
1404 3671 1470 3754 uel
1599 3755 1605 3770 ,

162 3836 254 3918 alia
307 3826 454 3912 ratione
492 3818 532 3898 in
579 3807 764 3921 principia
815 3801 1100 3902 dissoluuntur,
1149 3801 1200 3879 ita
1241 3797 1369 3879 auolat
1418 3798 1467 3880 de
1603 3869 1638 3920 r,
1689 3856 1694 3865 ,

160 3957 342 4045 metallis
396 3941 545 4054 sulphur
603 3938 680 4022 hoc
742 3930 914 4016 oleosum
960 3994 972 4033 ,
1037 3928 1181 4037 quoties
1231 3907 1300 4006 ¹illa
1366 3921 1465 4007 foco

155 4082 319 4198 speculi
367 4071 515 4159 caustici
564 4062 738 4172 exposita
783 4057 1032 4141 uitrificantur
1068 4117 1079 4158 ,
1130 4071 1287 4158 tumque
1349 4051 1463 4133 omni
1581 4053 1599 4077 ²

243 4211 372 4292 Tom.
393 4201 468 4285 lV.
490 4195 598 4282 Nou.
617 4185 740 4272 Com.
923 4179 1044 4264 Bbb
1222 4277 1227 4291 ,
1378 4171 1467 4260 uin.

153 4359 306 4379 μ-
430 4333 839 4360 ...ιι-*ᾑ-

225 4348 454 4491 (η)ἶ)ῖῖηε
481 4405 514 4451 re
542 4374 696 4449 videndae
718 4372 786 4444 sunt
820 4367 1039 4465 obseruationes
1069 4385 1180 4460 ,quas
1205 4357 1319 4441 dedere
1351 4362 1464 4454 Ingens

153 4492 428 4584 Hombergius,
453 4477 634 4574 Geolsroy,
657 4466 900 4575 etLeMeryus
922 4463 1049 4554 Iunior,
1077 4465 1109 4533 iu
1124 4455 1466 4576 Ailirbotietatislie-

147 4602 243 4697 gine
272 4589 419 4664 Parisinae
445 4579 563 4681 peilam.

844 4305 1465 4335 *num-*Q*
1588 4323 1601 4333 Α.

1590 4346 1599 4364 ι.
