4484 5934
1315 502 1523 640 rot
1590 627 1596 643 .

748 773 846 864 curii
880 775 1089 888 particulae·
1108 772 1193 866 rior
1223 781 1415 892 quandam
1444 776 1540 891 ipbs
1568 776 1615 864 ad
1649 773 1832 862 unionem
1863 794 2050 890 perpetuo

752 905 1045 1014 sollicitantem,
1094 933 1209 1016 quam
1242 912 1382 1016 calor,
1430 908 1523 992 dum
1556 907 1773 1026 extenditur
1805 901 2046 1016 Mercurius,

655 1139 659 1142 ,
749 1029 921 1142 superate
950 1035 1073 1118 debet.
1142 1036 1370 1122 Admodum
1402 1054 1531 1118 autem
1565 1032 1757 1143 probabile
1788 1031 1940 1142 aliisque
1981 1059 2046 1120 oa=

750 1176 857 1242 tutae
889 1161 1028 1270 legibus
1058 1164 1259 1272 analogum
1290 1164 1466 1264 videtur,
1516 1164 1596 1245 uim
1628 1161 1767 1266 istam,
1814 1183 1894 1268 quo
1924 1165 2048 1270 magis

626 1273 631 1286 ’
750 1285 924 1372 dilatatur
956 1287 1193 1394 Mercurim,
1227 1316 1279 1373 eo
1307 1290 1414 1374 reddi
1447 1287 1668 1394 minorem,
1696 1289 1751 1372 ita
1784 1309 1833 1396 vt
1859 1291 1900 1370 in
1937 1287 2049 1374 Mer·

746 1415 856 1496 cnrio
885 1415 1046 1501 multum
1076 1421 1156 1502 iam
1188 1419 1388 1525 dilabtto,
1437 1417 1541 1502 idun
1590 1417 1722 1499 caloris
1769 1414 2047 1500 incrementum

691 1548 693 1557 “
749 1541 799 1622 de
832 1565 936 1642 nouo
966 1547 1172 1652 accedens,
1224 1548 1421 1631 minorem
1453 1546 1529 1627 iam
1559 1546 1750 1627 inueniens
1778 1544 2044 1649 reddentium,

749 1670 936 1758 maiorem
958 1675 1178 1781 producere
1210 1673 1345 1760 debeat
1375 1671 1588 1760 effectum,
1617 1695 1734 1778 quam
1765 1669 1806 1750 in
1846 1669 2045 1754 Mercurio

746 1817 882 1900 parom
916 1801 1084 1906 expanso
1115 1802 1266 1908 operari
1297 1796 1413 1887 valet.
1448 1799 1630 1880 Teutuuit
1666 1793 1811 1878 clariss.
1860 1797 2043 1900 Audlor,
2176 1859 2184 1872 .

743 1943 831 2006 rem
864 1921 961 2006 huuc
993 1926 1354 2032 experimentorum
1388 1948 1494 2031 ope,
1524 1948 1615 2032 quae
1647 1921 1778 2032 lapidis
1809 1923 1918 2008 instat
1950 1923 2045 2029 lydii

744 2043 824 2128 sunt
854 2048 893 2129 in
926 2047 1119 2157 Physicis,
1153 2054 1193 2135 in
1227 2051 1352 2134 lucem
1387 2049 1604 2151 collocare,
1634 2068 1780 2131 ernon
1813 2048 1964 2156 solum,
1994 2075 2043 2130 au

745 2195 836 2255 vere
869 2175 1097 2259 dilatationis
1128 2193 1329 2286 augmenta
1376 2177 1418 2262 in
1464 2176 1604 2258 maiori
1651 2173 1817 2259 crescant
1861 2178 2044 2281 ratione,

742 2324 789 2380 ac
820 2301 956 2387 coloris
985 2307 1254 2410 incrementa,
1283 2304 1565 2409 determinate,
1596 2302 1655 2390 sed
1686 2323 1725 2384 et
1756 2303 1796 2382 in
1827 2303 1946 2412 ipsam
1979 2327 2043 2390 re-

741 2425 905 2536 gulam,
939 2432 1039 2514 cuius
1069 2455 1147 2542 ope
1178 2455 1231 2511 ex
1261 2430 1490 2518 dilatationis
1520 2448 1760 2537 augmento,
1790 2451 2041 2537 augmentum

743 2553 908 2661 caloris,
939 2576 978 2641 et
1009 2559 1097 2641 uice
1129 2557 1263 2664 versa,
1297 2558 1453 2640 inueniri
1496 2559 1652 2665 potest,
1700 2558 1897 2665 inquirere.
1962 2561 2042 2646 Rea

743 2677 839 2764 haec
869 2705 919 2765 eo
950 2685 1189 2796 diligentiore
1235 2684 1509 2796 perquifitione
1556 2685 1669 2794 digna
1709 2681 1906 2766 iudicanda
1954 2683 2040 2789 eil,

635 2817 637 2826 '
741 2831 820 2916 quo
870 2809 1019 2898 detecta
1066 2812 1223 2894 tandem
1273 2811 1344 2894 hac
1400 2807 1526 2918 regula
1597 2833 1649 2893 ex
1697 2809 1795 2892 datis
1844 2809 2039 2894 Thermo·

739 2936 855 3018 metri
888 2937 1092 3052 gradibus,
1123 2937 1197 3047 ipit
1228 2937 1398 3021 calorum
1433 2937 1665 3019 incrementa
1687 2998 1698 3038 ,
1718 2933 1779 3018 seu
1795 2924 1924 3045 potios
1946 2938 2041 3020 ratio

614 3081 618 3091 ·
737 3057 881 3148 horum
914 3068 1269 3168 incrementorum,
1301 3063 1545 3146 determinari
1581 3079 1772 3171 poterunt.
1815 3061 1939 3171 Opus·
1958 3080 2041 3146 erat

738 3187 787 3270 ad
820 3192 1038 3276 instituenda
1072 3192 1167 3275 baec
1206 3194 1501 3303 experimenta,
1534 3189 1756 3296 methodo,
1788 3186 1949 3272 diuersos
1980 3213 2040 3275 ca·

735 3313 828 3397 loris
853 3319 987 3426 gradus
1005 3381 1016 3420 ,
1033 3317 1210 3428 cognitae
1239 3318 1288 3399 ad
1313 3315 1349 3398 se
1380 3317 1546 3398 inuicem
1578 3317 1760 3416 rationis,
1781 3315 2041 3424 producendi,

735 3441 840 3548 quod
872 3440 1032 3525 feliciter
1061 3441 1215 3526 noctur
1246 3439 1439 3540 obtinuit,
1470 3436 1547 3548 ope'
1576 3438 1737 3522 lentium
1760 3463 2042 3550 connexorum,

736 3590 836 3678 quae
864 3566 1056 3678 cylindros
1083 3565 1277 3656 radiorum
1318 3563 1497 3668 solanum
1548 3562 1587 3646 in
1632 3587 1773 3647 conum
1826 3564 2037 3675 colligunt,
2104 3611 2113 3620 ·

737 3691 843 3779 unde
875 3695 959 3809 poll
1003 3710 1098 3795 eas,
1146 3694 1189 3776 in
1238 3690 1390 3774 diuersas
1435 3689 1618 3776 distantiis
1665 3691 1805 3772 calores
1852 3693 2038 3778 inuersam

739 3819 1004 3928 quadratorum
1036 3819 1295 3904 distantiarum
1344 3843 1366 3900 a
1417 3815 1509 3901 foco
1551 3819 1774 3924 rationem,
1821 3819 2035 3926 sequuntur.

740 3942 930 4065 Exposuit
962 3948 1067 4033 conis
1093 3944 1173 4028 istis
1202 3943 1382 4048 radiosa,
1414 3943 1719 4029 Thermometra
1749 3943 1913 4053 perfeeto
1938 3971 2037 4030 con·

738 4073 930 4160 cordantia
988 4092 1029 4156 et
1084 4071 1287 4182 aequaliter
1344 4069 1505 4154 mobilia
1540 4131 1553 4177 ,
1621 4089 1662 4153 et
1710 4092 1848 4180 quantu
1897 4070 2035 4156 fuerint

740 4195 949 4308 aequalibus
996 4201 1233 4316 temporibus
1269 4183 1498 4290 dilatationis
1548 4197 1726 4282 Mercurii
1774 4201 1815 4282 in
1865 4219 2033 4307 utroque

676 4420 679 4430 .
735 4327 1006 4434 inermem,
1037 4329 1237 4448 diligenter
1268 4323 1473 4416 annotarit·
1506 4323 1574 4413 Ex
1605 4323 1665 4413 his
1694 4325 1820 4442 postea
1854 4323 2056 4407 obstruo·-

1109 4451 1111 4458 ’
1787 4449 1793 4460 ’
1868 4449 2034 4540 tionibus
