4484 5934
706 527 925 642 >casn

173 787 274 872 inter
304 781 447 870 animal
477 781 752 872 Americanum
785 805 824 872 ct
856 789 1052 891 nostrum,
1091 788 1165 874 nifi
1196 792 1278 899 quis
1303 789 1483 902 suspicari
1541 807 1544 815 '

177 913 303 1018 velit,
340 914 525 1023 quaedam
556 914 641 999 falsa
680 915 893 1002 Sarrazino
930 919 1101 1029 impacta
1140 919 1243 1002 fuiffe
1281 923 1330 1004 ab
1368 920 1481 1026 aliis,

177 1060 241 1126 aut
271 1042 398 1126 minus
428 1044 532 1126 redte
562 1044 610 1126 ab
641 1041 722 1152 ipso
752 1045 978 1155 intellecta,
1009 1073 1103 1159 quae
1136 1046 1294 1132 forsitan
1325 1071 1402 1131 uec
1433 1052 1481 1131 in

172 1168 245 1282 ipit
278 1165 430 1256 Camda
459 1170 583 1256 fidem
614 1190 828 1258 merentur.
1359 1203 1366 1212 ’

316 1429 531 1514 Amatores
565 1451 698 1512 retum
734 1428 964 1514 naturalium
1002 1431 1142 1540 procul
1182 1432 1301 1516 dubio
1335 1430 1483 1514 *defide-

168 1555 307 1639 rabuut
336 1559 503 1642 iconem.
526 1556 714 1640 animalis.
774 1557 973 1670 Quoniam
1005 1558 1066 1642 illa
1099 1557 1164 1643 sub
1181 1558 1350 1669 auspiciis
1364 1557 1483 1642 Gme·

164 1679 233 1766 ,lai
263 1685 310 1767 ad
343 1686 501 1768 mortui-
519 1685 743 1794 exemplum
770 1703 945 1768 accurate
976 1687 1193 1772 adumbrari
1230 1711 1308 1770 uon
1344 1688 1482 1794 potuit,

171 1810 317 1893 curabit
367 1811 618 1915 Academia,
667 1831 711 1894 rt
755 1814 801 1894 in
841 1814 1038 1920 pollenun
1068 1815 1111 1896 in
1142 1815 1234 1898 loco
1263 1815 1382 1896 natali
1433 1814 1482 1897 ad
1639 1863 1644 1872 ·

171 1939 303 2020 uiuum
352 1937 574 2022 delineatur.
635 1937 706 2019 An
744 1940 833 2020 icon
882 1965 904 2021 a
947 1939 1166 2025 Sarrazr'no
1197 1963 1238 2023 et
1270 1942 1485 2026 Reaumuro

166 2063 346 2150 exhibita
376 2062 548 2167 animal,
581 2063 641 2146 nti
674 2086 765 2146 vere
798 2063 881 2169 est,
914 2063 1046 2168 sustat,
1081 2066 1144 2148 alii
1177 2067 1381 2173 iudicent,
1414 2068 1485 2180 qut

162 2189 334 2308 figuram
363 2193 455 2277 'cum
481 2187 742 2306 ,descriptione
766 2187 940 2278 ‚conterre
974 2192 1182 2279 noluerint·

654 2399 656 2421 '
785 2443 874 2540 ua

356 2693 678 2860 Rupicapra
709 2694 979 2817 <cornibus
1011 2694 1280 2820 arietinis,

161 2861 319 2995 tluss.
354 2884 623 2992 cmenuoll
654 2891 902 3022 *oapau‘la
946 2863 1202 2987 Calmuc.
1256 2863 1477 3028 Argali.
1571 2803 1576 2820 ι

200 3145 203 3152 ,
269 3035 537 3164 Αιιᾶοῑε
569 3037 653 3164 10.
694 3031 828 3160 Ceo..
867 3031 1088 3160 Gnaelin
1120 3074 1183 3209 p.
1217 3032 1351 3194 383.

164 3359 168 3366 ’
285 3344 421 3428 andata
465 3341 727 3449 'Imperatoria
769 3340 969 3426 ¹multoties
1003 3344 1053 3426 in·
1078 3336 1263 3426 ¹Sib'ir'iam
1291 3337 1409 3422 milla
1434 3361 1483 3429 -et

169 3341 283 3576 Μ
318 3472 428 3553 annis
473 3489 615 3568 1732.
651 3463 697 3548 et
735 3486 875 3569 1733.
912 3466 1217 3575 ·renouata·,·de
1256 3471 1483 3554 animalibus

165 3598 394 3702 rarioribus,
427 3621 523 3706 quae
545 3596 594 3676 in
621 3590 755 3682 Runa
790 3619 871 3677 nou
897 3593 1104 3699 ‚habitant,
1135 3593 1244 3677 ‘niuis
1274 3600 1484 3703 capiendis,

165 3743 205 3806 et
240 3725 467 3833 Petropolin
498 3721 811 3831 transportandis,
826 3719 1115 3806 hachmelinu
1133 3722 1371 3805 occasionem
1395 3723 1484 3804 luu—
1563 3723 1567 3729 '

163 3853 455 3957 ministrarunt,
487 3870 531 3934 nt
557 3849 742 3954 animal,
774 3851 877 3931 cuius
918 3849 1069 3938 ,nullum
1106 3843 1238 3932 ‚adhuc
1271 3851 1311 3929 in
1348 3851 1481 3933 audio·

161 3981 272 4064 ribus
303 3980 508 4064 Historiam
543 3976 753 4064 naturalem
788 3975 1058 4060 illustrantibus
1102 3975 1303 4080 vestigium
1347 3979 1481 4086 exstat,
1587 3995 1591 4004 ’

159 4107 425 4220 Rupicapram
468 4129 615 4216 nempe
661 4102 830 4189 cornibus
874 4107 1088 4206 arietinis,
1135 4103 1273 4185 *uiuum
1321 4102 1481 4212 videre,
1535 4139 1538 4145 ·

155 4234 401 4341 deleribere,
433 4235 640 4332 diducere,
692 4251 732 4314 et
763 4232 1055 4316 delineationem
1087 4228 1169 4313 eius
1212 4233 1341 4314 curare
1367 4289 1380 4330 ,
1411 4232 1483 4341 ipsr

153 4359 331 4448 licuerit.
394 4362 483 4446 Arx
515 4361 568 4444 cll
598 4358 1025 4472 Usi-llamenogorslaia
1057 4360 1105 4442 ad
1134 4353 1273 4463 lrtisch
1321 4357 1481 4445 fluuium

147 4513 215 4576 eo
274 4490 314 4574 iu
362 4487 492 4600 locu,
542 4487 612 4574 ubi
675 4488 740 4576 laic
790 4487 921 4574 fluuius
978 4510 1033 4572 ex
1085 4488 1279 4572 montium
1334 4485 1477 4594 iugo,

836 4639 864 4729 g
1315 4609 1487 4699 Tatato·
