4484 5934
335 837 801 988 METHODVS
861 835 1449 966 INVESTIGANDI

197 1003 202 1009 ’
288 1015 665 1112 nunauauxru
700 1011 913 1100 annau
961 1013 1039 1098 m
1088 1011 1491 1108 umuuuauvu
1653 1033 1656 1042 1

390 1138 701 1235 Ecunslnvs
740 1128 1091 1230 §nerianum
1123 1138 1389 1235 mxli-nvn

404 1253 1260 1390 ¹amuamrauuuusruuuca.

565 1451 1216 1570 maucmmmm

251 1604 491 1904 Quanti
526 1698 644 1769 terrae
686 1681 851 1768 satellitis
878 1681 1071 1770 theoriam
1105 1681 1153 1770 ad
1188 1683 1410 1770 maximum
1445 1677 1540 1796 per-i

421 1809 594 1930 fritionis
628 1808 814 1920 alligium
846 1811 1055 1922 perducere
1085 1828 1128 1893 et
1161 1803 1436 1924 Geographiae
1454 1831 1541 1921 per·

253 1935 441 2021 ficicndae
472 1955 512 2021 et
542 1937 595 2020 rei
626 1938 794 2022 nauticae
822 1937 1061 2021 excolendae
1091 1937 1232 2024 interiit
1269 2006 1282 2048 ,
1330 1939 1411 2050 quis
1439 1937 1542 2050 uigi-

229 2062 415 2170 jlantiam
447 2065 770 2149 Allronomorum
807 2126 821 2170 ,
871 2087 1109 2176 magnosque
1141 2058 1436 2152 Geometrarum
1468 2088 1542 2150 co·

256 2209 362 2274 nanas
388 2190 584 2304 perspcdia
616 2189 760 2276 habens
807 2213 885 2275 non
933 2185 1086 2274 unrici
1143 2193 1307 2309 Quantis
1346 2214 1443 2275 uero
1480 2211 1544 2274 ar·

241 2312 373 2402 ‘duum
405 2315 527 2403 hocce
559 2343 656 2428 opus
688 2336 881 2428 prematur
897 2315 1174 2402 difficultatibus
1200 2381 1212 2424 ,
1246 2320 1298 2402 ob
1316 2315 1543 2426 elementa,

256 2441 306 2526 ad
338 2441 526 2529 theoriam
558 2447 726 2530 lunarem
759 2446 798 2526 in
829 2444 998 2552 apricum
1031 2444 1313 2552 producendam
1352 2441 1546 2557 requilita,

254 2567 359 2653 haud
387 2572 554 2678 perfene
582 2571 768 2682 cognita,
799 2567 1038 2681 perspicuum
1070 2569 1137 2652 cst'
1156 2570 1277 2655 cuiuis
1292 2569 1545 2656 consideranti

258 2693 528 2804 difficultates,
557 2701 689 2810 quibus
718 2691 816 2807 ipsae
850 2694 1011 2780 nodone
1042 2721 1088 2779 ac
1127 2699 1318 2783 intricatae
1352 2693 1547 2812 praedicta

259 2823 458 2911 elementa
489 2823 766 2910 determinandi
797 2821 977 2906 methodi
1009 2821 1090 2906 suunt
1135 2823 1333 2910 subiectae.

281 2977 285 2983 ’
407 2950 632 3034 Astronomi
661 2942 776 3056 longa
808 2947 1015 3031 multarum
1047 2945 1350 3034 obseruationum
1370 2950 1460 3034 serie
1488 2959 1545 3040 18

258 3077 411 3161 circiter
442 3098 667 3176 annorum,
711 3069 949 3158 Geometrae
981 3092 1108 3156 autem
1142 3075 1376 3162 mechanicis
1406 3077 1550 3186 legibus

259 3201 393 3288 Lunae
422 3201 613 3284 theoriam
643 3197 885 3310 compescere
914 3218 1112 3283 conantur.
1146 3202 1316 3312 Vterque
1334 3227 1431 3286 vero
1456 3226 1547 3290 mo·
1619 3235 1622 3242 ·

156 3411 166 3428 ,
259 3330 329 3414 dus
368 3330 569 3440 praecipue
609 3325 743 3410 nititur
778 3326 999 3434 cognitione
1038 3325 1209 3436 perfesta
1250 3327 1548 3414 excentricitatia
1666 3415 1668 3422 ,

259 3455 406 3540 orbitae
439 3453 633 3557 Lemnis,
665 3453 843 3562 Apogaei
875 3471 930 3536 et‘
951 3451 1163 3538 Nodorum
1197 3454 1404 3566 locorum,
1434 3455 1560 3542 incli·.
1639 3557 1643 3562 ¹
1813 3477 1817 3488 ¹

261 3583 425 3666 nationis
472 3582 615 3664 orbitae
665 3577 797 3661 Lunae
830 3576 879 3661 ad
910 3580 1132 3688 eclipticam
1170 3646 1183 3687 ,
1234 3583 1308 3667 loci
1349 3601 1388 3668 ct
1419 3601 1587 3672 monn‘

261 3707 393 3794 Lunae
424 3708 570 3808 medii,
612 3721 652 3787 et
688 3705 924 3815 parallaxeos
949 3703 1210 3791 horlaontalis.
1252 3707 1467 3798 Methodoa
1484 3733 1548 3796 au-

169 3923 175 3932 ,
232 3835 345 3919 ‘tem
378 3835 406 3920 fi
437 3833 744 3940 consideremus,
775 3829 910 3942 quibus
942 3832 1169 3918 Allronomi
1202 3837 1247 3918 ad
1267 3835 1333 3923 ilia
1358 3837 1550 3924 elementa

263 3962 557 4046 determinanda
589 3961 817 4073 plerumque
848 3975 1036 4061 utuntur,
1069 3957 1178 4043 haud
1199 3961 1405 4048 difficulter
1427 3987 1550 4079 appa·

256 4075 357 4195 ret,
395 4085 539 4171 nullum
558 4087 635 4170 fere
659 4085 799 4170 horum
825 4083 1101 4171 elementonrm
1124 4089 1267 4172 exinde
1291 4109 1464 4175 accurare
1481 4091 1551 4174 de·

225 4213 372 4299 ·finiri
406 4215 521 4324 polle.
572 4211 793 4300 Praesertim
835 4233 933 4294 ueto
965 4211 1109 4317 modi,
1141 4211 1317 4326 Apogaei
1352 4216 1480 4301 locum
1513 4231 1552 4300 ct

272 4340 482 4453 parallaain
521 4341 654 4427 Lunae
692 4337 961 4448 inuestigandi,
1007 4337 1250 4443 vitationes,
1301 4361 1381 4426 ram
1424 4340 1556 4429 lubrici

276 4467 482 4578 ridentur,
515 4489 561 4556 nt
592 4471 666 4557 uix
697 4468 842 4583 sperare
873 4463 1014 4570 liceat,
1045 4464 1126 4554 lore
1157 4483 1234 4578 rt,
1285 4467 1354 4558 nisa
1383 4466 1561 4584 lingulati

863 4589 1021 4678 Ltla
1435 4595 1546 4686 adini·
