4484 5934
766 430 855 522 278
893 390 1121 508 ΗΑΠΟΝ.
1154 401 1442 503 cainum
1474 399 1954 509 ammianum

807 693 820 704 -*
883 656 935 752 9.,
957 680 996 735 2.
1044 645 1166 740 Calor
1203 651 1340 762 abeqru
1380 645 1502 734 dubio
1535 639 1701 736 confidit
1727 652 1768 735 in
1798 671 1909 738 certo
1937 667 2051 738 motu

764 803 950 866 certatum
1002 778 1268 892 particularum
1315 801 1585 886 corporearum
1604 794 1623 884 ,’
1647 797 1686 862 et
1736 804 1816 888 quo
1858 781 2052 888 pernicior

764 909 817 994 cst
847 911 913 994 ille
948 931 1107 1012 motum
1136 929 1187 987 eo
1220 907 1345 989 maior
1376 905 1489 988 debet
1519 903 1596 986 esse
1625 906 1741 988 calor.
1776 907 1922 1019 Quodfi
1955 930 2051 1014 ergo

764 1037 1042 1139 innotesceret,
1094 1027 1197 1140 quae‘
1222 1034 1392 1121 celeritas
1425 1031 1692 1138 particularum
1724 1037 1962 1142 requirenti,
1987 1053 2049 1134 ⁵rt

763 1164 941 1248 definitus
970 1159 1073 1242 calor
1104 1177 1307 1268 generetur
1324 1192 1340 1262 ,·
1369 1157 1553 1242 abducas
1582 1162 1685 1242 calor
1716 1159 1886 1244 definiri·
1911 1162 2046 1270 pollet.

722 1368 727 1376 .
763 1292 853 1376 Hoc
889 1309 1021 1369 tamen
1055 1285 1271 1392 exspectare
1304 1285 1517 1368 nonlicet.
1580 1286 1681 1370 Hinc
1713 1290 1914 1390 quomodo
1952 1285 2049 1370 rela-

764 1418 833 1501 tiui
867 1418 1011 1500 calores
1046 1413 1118 1497 siue
1165 1411 1329 1494 excessus
1378 1410 1511 1494 caloris
1561 1413 1672 1524 super
1718 1416 1954 1497 constantem
1986 1439 2047 1496 ca·

763 1545 887 1630 locem·
919 1567 967 1624 ex
1001 1538 1208 1624 excessrbus
1239 1538 1469 1623 dilatationis
1499 1542 1646 1648 argenti
1695 1543 1773 1624 uiui
1804 1539 1913 1650 super
1951 1540 2042 1623 dila·

764 1676 949 1755 tationem
985 1667 1206 1755 abeodem
1238 1664 1423 1748 constanti
1454 1667 1581 1755 calore
1611 1667 1739 1781 aliquo
1778 1670 1900 1755 modo
1950 1665 2049 1757 defi·

634 1809 637 1816 ’
765 1800 835 1883 niti
865 1796 1034 1912 possint,
1067 1795 1273 1907 inquiram.

804 2071 810 2077 '
883 2060 919 2157 i.
954 2081 998 2157 3.
1033 2057 1245 2144 Rationem
1277 2050 1491 2136 excessuum
1542 2049 1768 2159 dilatationis
1813 2051 1922 2162 super
1955 2052 2044 2138 dila·

768 2187 951 2268 tationem
1005 2209 1027 2265 a
1081 2201 1186 2264 cetto
1238 2182 1393 2284 calore,
1441 2181 1638 2263 aratione
1671 2183 1896 2265 excelluum
1938 2184 2045 2263 calo·

705 2347 708 2355 ·
767 2314 817 2394 ris
885 2310 989 2418 supet
1056 2311 1219 2394 eundem
1297 2307 1465 2390 calorem
1507 2371 1520 2414 ,
1580 2307 1747 2390 excessus
1814 2307 2044 2391 dilatationis

768 2439 1061 2548 producentium
1113 2434 1264 2518 differre
1311 2459 1390 2514 non
1441 2435 1494 2516 est
1539 2434 1712 2518 dubium.
1747 2434 1893 2548 Quodsi
1941 2439 2046 2520 enim

768 2567 971 2650 mercutius
1005 2584 1112 2646 certo
1145 2561 1263 2670 gradu
1293 2563 1370 2679 iam
1411 2561 1582 2648 dilatatus
1628 2561 1713 2670 est,
1762 2555 1980 2648 nainor'ais
2007 2566 2051 2646 et
2195 2626 2196 2641 t

767 2695 898 2776 minor
929 2691 1031 2774 calor
1063 2691 1137 2773 fine
1168 2689 1287 2772 dubio
1314 2691 1514 2798 requiritur
1543 2690 1590 2773 ad
1623 2687 1822 2800 aequalem
1861 2691 2046 2774 dilatatio-
2093 2717 2097 2722 ·
2195 2690 2196 2715 ¹

767 2843 860 2902 nem
894 2817 1166 2923 efficiendam,
1194 2817 1264 2920 vi,
1295 2841 1368 2925 qua
1400 2815 1598 2928 particulae
1629 2815 1677 2899 ad
1696 2821 1876 2900 unionem
1907 2816 2045 2902 sollici·

767 2965 901 3050 untur,
919 2970 1035 3054 quam
1055 2941 1281 3052 Philosophi
1298 2946 1384 3030 uim
1402 2943 1656 3028 attrahentem
1677 2948 1881 3027 nominare
1898 2966 2044 3050 amant,

766 3071 985 3156 dilatatione
1020 3071 1182 3157 minuta.
1234 3066 1484 3179 Debentque·
1509 3065 1587 3151 esse
1618 3072 1786 3154 excelsus
1817 3072 2048 3156 dilatationis

766 3198 874 3308 super
905 3198 1166 3282 dilatationem
1196 3221 1218 3280 a
1247 3219 1355 3281 cetto
1387 3198 1516 3279 calore
1547 3197 1586 3277 in
1636 3198 1779 3280 ratione
1827 3199 2045 3280 excessuum

766 3328 901 3412 miotis
935 3326 1043 3434 super
1082 3327 1248 3408 calorem
1289 3325 1400 3410 istum
1442 3344 1592 3406 certum
1632 3344 1674 3405 et
1713 3325 1853 3406 inuersa
1904 3326 2047 3408 virium

767 3455 965 3566 particulas
997 3453 1143 3560 argenti
1175 3452 1254 3534 uiui
1286 3455 1325 3535 in
1360 3451 1670 3535 Thermometris
1699 3452 1745 3534 ad
1776 3451 1961 3533 unionem
1981 3463 2053 3532 co:

767 3583 950 3691 gentium.
1017 3579 1165 3694 Quodsi
1193 3579 1283 3660 hinc
1312 3578 1482 3664 excessus
1513 3579 1741 3660 dilatationis
1779 3576 2055 3664 accuratissime

768 3710 1069 3808 innotescerent,
1099 3726 1139 3788 et
1173 3704 1344 3789 excessus
1373 3705 1509 3788 caloris
1537 3705 1832 3814 respondentes,
1860 3730 1881 3786 a
1914 3707 2056 3816 quibus

767 3829 940 3918 excessus
969 3834 1197 3916 dilatationis
1235 3835 1433 3941 pendent,
1464 3835 1602 3941 pariter
1633 3831 1900 3915 accuratissime
1947 3857 2055 3914 con·

768 3964 932 4064 starent,
967 3985 1040 4042 uon
1058 3959 1177 4044 solum
1211 3964 1343 4066 vires,
1375 3958 1571 4070 particulas
1599 3961 1740 4066 argenti
1759 3960 1837 4040 uiui
1853 3959 1899 4040 ad
1933 3961 2056 4040 vnio
2195 4046 2196 4051 a

767 4113 858 4176 nem
890 4107 1070 4195 cogentes
1101 4085 1164 4180 sub
1194 4090 1340 4179 diuerso
1364 4087 1568 4195 temperiei
1602 4086 1714 4192 gradu
1732 4149 1745 4188 ,
1760 4065 1923 4170 'definiri
1957 4111 2062 4193 pos-
2195 4082 2196 4085 ‘

767 4219 876 4325 sent3
909 4214 972 4297 sed
1004 4218 1124 4298 etiam
1155 4219 1389 4323 comparatis
1439 4211 1647 4296 excentum
1694 4213 1922 4295 dilatationis
1953 4239 2063 4296 cum
2195 4243 2197 4249 ’

665 4345 669 4358 “
766 4343 970 4430 excellibus
1000 4341 1132 4427 caloris
1158 4344 1224 4425 lex
1254 4345 1362 4450 erui,
1394 4341 1595 4436 secuudum
1613 4365 1728 4452 quam
1763 4363 1814 4424 ex
1839 4339 2071 4424 excessibus

1950 4468 2072 4552 dila·
