4484 5934
728 611 761 731 ll
796 632 849 718 2⁵
885 613 968 789 ll?

185 896 279 986 quae
328 873 379 958 ita
410 871 627 978 conllmere
671 871 801 956 iubent
837 872 1027 958 firmitatis
1076 871 1264 986 regulae,
1312 894 1360 960 rt
1409 879 1485 988 ipsr

186 1001 221 1084 se
250 1019 404 1084 teneant
431 1001 471 1085 in
502 1000 726 1112 aequilibrio
743 1021 760 1106 ‚⁴
785 1003 891 1086 cuius
931 1003 1211 1112 problematis,
1265 1003 1352 1112 post
1385 1002 1483 1092 Cou-

180 1128 320 1241 putum
347 1130 464 1212 aliam
495 1129 665 1214 anaor·
678 1127 898 1212 solutionem
932 1130 1091 1214 exhibet
1109 1195 1121 1237 ,
1142 1131 1278 1247 leblori
1296 1154 1417 1240 aequo
1433 1160 1478 1218 ac

182 1255 436 1364 intelligenti,
491 1275 576 1340 utra
624 1257 736 1340 alieri
769 1253 1007 1363 praeferenda
1056 1258 1102 1340 stt
1141 1259 1482 1362 ‚diiudicandum

177 1382 401 1490 relinquens.
468 1381 574 1468 Plura
606 1383 653 1464 de
685 1380 756 1465 hac
786 1383 951 1490 eleganti
983 1386 1091 1467 etin
1140 1387 1247 1492 praxi
1299 1386 1480 1470 Archite-

179 1509 334 1591 c‘ionica
363 1508 471 1593 ualde
489 1513 573 1594 utili
603 1510 854 1592 dissertatione
872 1512 994 1593 dicere
1023 1511 1337 1620 superuacaneum
1366 1513 1475 1598 soret.

182 1633 378 1720 Notamut
390 1661 562 1720 errorem
581 1636 901 1745 operarum,dum
922 1637 1020 1721 tedia
1033 1640 1265 1722 Manlatdica
1284 1642 1323 1720 in
1342 1640 1475 1724 disier-

180 1761 322 1849 tntione
356 1763 561 1850 Kraffiiana
598 1793 640 1876 p.
664 1783 767 1859 232.
808 1757 1062 1876 Marsardt'ca
1086 1766 1234 1850 ficerunt
1269 1769 1478 1877 appellata.

323 2023 438 2131 Quae
468 2020 668 2127 sequuntur
697 2021 1046 2100 commentationes
1077 2020 1159 2102 sunt
1187 2018 1345 2127 Georgii
1379 2021 1475 2109 Gui-

325 2145 439 2230 lielmi
457 2145 710 2248 Richmanni5
734 2142 788 2224 V.
809 2137 871 2224 Cl.
892 2169 981 2251 quas
998 2144 1073 2254 ipse
1089 2146 1191 2253 typis
1207 2168 1353 2253 paratas
1368 2148 1471 2232 Aca-
1493 2199 1497 2207 ·

323 2274 476 2357 demiae
507 2273 682 2356 exhibuit
704 2331 715 2376 ,
750 2267 942 2380 postumae
958 2272 1142 2382 quidem,
1168 2269 1230 2354 sed
1248 2295 1327 2355 nou
1345 2274 1468 2382 tales,

320 2400 362 2482 in
391 2401 520 2508 quibus
554 2399 688 2482 ultima
720 2396 904 2484 annuns
936 2397 1025 2484 lima
1058 2398 1336 2485 desideraretur.
1370 2398 1469 2488 Sunt

324 2529 451 2613 autem
483 2529 703 2642 sequentes:

792 2773 849 2872 ll.

164 2979 268 3112 De
310 2997 524 3110 virtute
569 2991 901 3154 Magnetida
941 2983 1145 3150 ubsque
1188 2990 1472 3157 Magnete-

366 3165 795 3286 communicata
857 3164 1267 3328 Experimento

543 3517 550 3530 .
694 3371 753 3492 p.
819 3365 942 3479 235.

276 3633 489 3720 tentionem
519 3631 567 3718 acl
595 3629 687 3719 haec
737 3627 1008 3743 experimenta
1057 3627 1278 3713 instituenda
1327 3632 1468 3743 suppe-

304 3762 439 3846 ditauit
488 3757 548 3844 uir
593 3759 741 3852 summe
791 3758 1012 3844 reuerendus
1065 3775 1178 3866 atque
1216 3756 1468 3846 ''dobiiffimua

169 3888 315 3978 Daniel
343 3889 632 4001 Dumaeresque,
665 3881 736 3972 SS.
769 3885 808 3968 T
810 3885 917 3972 heol.
950 3881 1005 3969 D.
1038 3903 1079 3967 et
1111 3883 1299 3969 Ecclesiae
1328 3884 1469 3995 Angli-

169 4045 315 4121 canae,
343 4041 438 4126 quae
469 4013 665 4124 Petropoli
714 4012 953 4122 colligitur,
1001 4011 1130 4098 Pallor
1175 4011 1465 4118 meritissimus,
1510 4048 1514 4062 ·

172 4149 234 4256 qtri
264 4162 309 4229 ut
338 4142 485 4237 Mufir,
514 4165 608 4254 quae
639 4159 679 4224 ct
708 4133 833 4250 ipsum
863 4155 1024 4245 amant,
1062 4131 1329 4223 libentissimus
1376 4140 1466 4246 est,

173 4275 263 4356 solet
294 4268 443 4358 subinde
472 4269 586 4354 libror
619 4291 741 4352 nouos
773 4292 828 4352 rx
859 4265 996 4374 Anglia
1026 4265 1074 4348 ad
1106 4265 1142 4348 se
1175 4264 1332 4372 utilior,
1364 4288 1463 4347 noua

168 4399 320 4486 inuenta
351 4397 467 4498 etiarn
495 4417 546 4488 ex
574 4395 697 4510 Patria
728 4393 776 4482 ad
809 4390 846 4480 se
864 4391 1065 4509 perscripta
1083 4456 1096 4501 ,
1113 4417 1202 4481 ctun
1220 4390 1466 4519 Academicis
1503 4409 1508 4416 “

804 4523 831 4614 d
1349 4542 1465 4604 tom*
