4484 5934
223 603 227 612 ·
291 558 390 652 AD
426 553 1024 656 ARCHITECTVRAM
1053 557 1354 663 CIVILEM
1390 586 1481 671 227

193 821 261 909 pra
294 797 388 904 pilas
419 799 608 886 inclinatas
646 816 686 884 et
717 785 928 910 inaequales
972 789 1034 912 (5.
1068 799 1335 916 xxx1v.):
1367 799 1486 889 rerba
1605 819 1609 829 '

192 925 270 1010 eiirs
302 923 397 1010 haec
428 927 578 1014 suntin
610 927 728 1014 Cours
755 927 1058 1018 d’Archrtetiure
1097 931 1145 1014 P.
1182 930 1283 1038 IV,
1317 933 1383 1027 lib.
1403 926 1480 1018 VI.

193 1068 323 1166 „cap
355 1083 399 1158 9.
434 1054 633 1163 ltyatu
682 1057 812 1144 diuers
850 1055 1103 1166 architedles,
1148 1056 1220 1168 qui·
1244 1073 1315 1141 ont
1363 1058 1484 1162 effaye

191 1183 286 1288 „de
315 1198 474 1270 trouver
499 1185 565 1269 des
594 1186 792 1270 manieres·
811 1183 895 1268 d'en
936 1201 1058 1270 trater
1086 1184 1124 1268 le
1174 1184 1266 1268 trait
1298 1209 1370 1295 par
1418 1187 1486 1269 des

190 1370 219 1417 „
237 1311 410 1420 portione
440 1315 491 1398 de
519 1312 644 1398 cercle
682 1315 741 1398 sur
791 1312 914 1396 divers
961 1333 1137 1398 centres:
1188 1313 1285 1398 mais
1321 1327 1484 1397 comme
1581 1354 1585 1360 ·
1647 1304 1652 1317 '

188 1499 216 1544 „
233 1438 315 1521 leur
347 1443 541 1551 prathuet
584 1437 669 1522 sont
707 1437 863 1540 liufl'es,
910 1437 1059 1524 saillant
1095 1433 1218 1549 jarret
1257 1464 1310 1542 en
1358 1440 1486 1524 divers

188 1627 212 1672 „
231 1565 363 1674 lieux,
395 1569 438 1652 dr
471 1565 794 1678 principalement
821 1560 880 1644 sur
910 1563 965 1646 les
993 1566 1115 1670 lignes
1151 1566 1219 1648 des
1266 1565 1484 1672 piedruits·,

186 1711 451 1802 „orareque
483 1695 536 1808 les
564 1709 710 1779 centres
738 1690 805 1778 des
835 1688 978 1772 cercles
1009 1691 1106 1773 dont
1138 1689 1181 1774 ils
1210 1689 1248 1774 se
1269 1688 1421 1778 struent
1434 1714 1482 1791 ne

183 1879 214 1924 ,‚
234 1815 318 1900 sont
348 1815 386 1900 le
418 1819 500 1928 plus
530 1819 688 1900 soure'nt
729 1817 894 1910 trouver
925 1839 999 1926 que
1048 1842 1120 1928 par
1150 1817 1288 1906 haurd
1337 1823 1381 1935 dr
1429 1842 1483 1906 eu

180 2005 216 2052 „
235 1962 439 2030 tatonnant
459 1973 472 2054 ς
494 1936 539 2054 je
571 1943 644 2028 n'ai
678 1969 745 2055 pas
776 1942 845 2026 crti
877 1945 1012 2028 devoir
1043 1971 1072 2052 y
1102 1941 1192 2030 faite
1241 1971 1382 2032 aucune
1420 1969 1484 2030 re·

182 2129 213 2178 „
231 2073 412 2176 flexior,
443 2075 487 2154 dr
517 2063 578 2177 j’ai
602 2063 731 2181 juge,
764 2095 835 2182 que
856 2095 927 2154 ces
954 2095 1062 2180 arcs,
1104 2097 1205 2182 pour
1245 2075 1328 2158 erre
1366 2063 1486 2188 justes

185 2261 212 2304 „
228 2201 271 2284 dr
305 2195 505 2303 corrects,
537 2200 719 2282 devoicut
748 2199 829 2282 erte
862 2188 960 2284 l’une
977 2201 1044 2285 des
1068 2199 1232 2284 sections
1246 2205 1438 2311 coniques.
1456 2267 1484 2310 „

186 2325 332 2411 Reiicit
360 2325 473 2436 igitur
506 2323 569 2408 hic
586 2327 650 2410 vir
668 2323 919 2410 solertilltmus
933 2353 1038 2412 arcus
1062 2326 1271 2432 circulares,
1289 2347 1330 2434 et
1345 2327 1484 2412 seclia-

188 2475 252 2537 nes
287 2457 438 2540 conitus
453 2457 492 2537 in
511 2453 823 2538 Architecturam
848 2453 1002 2538 ciuilem
1022 2456 1189 2563 recipit,
1214 2472 1347 2539 contra
1374 2455 1484 2540 huius
1534 2529 1537 2534 .

186 2599 419 2694 praecepta,
451 2579 693 2688 neceffitate,
726 2583 787 2664 tti
814 2570 923 2688 putat
941 2647 954 2688 ,
975 2581 1193 2698 addudus,
1224 2583 1313 2690 quia
1341 2585 1380 2666 io
1404 2583 1483 2666 hoc

188 2708 270 2794 casu
303 2735 412 2794 arcus
441 2709 635 2794 circulares
665 2707 829 2820 poplites
860 2708 1002 2792 euitare
1034 2728 1253 2819 nequeant,
1280 2735 1354 2794 nec
1383 2710 1483 2794 ratio

189 2832 441 2942 Geometrica
471 2837 648 2942 constet,
681 2839 783 2916 cuius
813 2857 893 2944 ope
927 2835 1018 2920 tales
1045 2859 1164 2920 arcus.
1181 2836 1383 2922 circulares
1411 2837 1482 2921 de-

190 2967 304 3051 beant
335 2965 503 3048 describi.
565 2959 645 3048 ¹Sed
665 2982 776 3046 ‘errat
798 2964 843 3044 in
879 2959 952 3046 lrac
976 2988 1023 3047 re
1050 2967 1116 3047 -uir
1163 2961 1251 3050 alias
1298 2962 1482 3050 subtiliffi·
1620 2967 1653 3024 ἕ

191 3119 275 3181 mus
296 3121 314 3205 3·
341 3094 489 3184 tradam
522 3095 631 3176 enim
663 3075 895 3174 methodum
928 3091 1119 3174 formandi
1160 3090 1326 3178 fomites
1360 3088 1483 3199 supra

186 3223 284 3334 pilas
313 3218 662 3331 quomodocunque
694 3215 916 3320 inclinatas,
935 3237 974 3300 et
1002 3217 1243 3328 inaequales,
1259 3243 1313 3302 ex
1327 3219 1483 3304 arcubus
1665 3328 1669 3333 4

188 3351 333 3436 duobus
363 3345 630 3446 circularibus,
663 3345 730 3458 qui
759 3362 801 3428 et
829 3342 1008 3452 nusquam
1044 3347 1239 3456 poplitem
1280 3344 1480 3430 vllnmfa·

188 3478 320 3584 ciant,
367 3471 429 3560 sed
472 3494 512 3558 et
545 3477 692 3572 ratiQne
724 3463 972 3568 Geometrica
1022 3475 1355 3580 determinantur;
1408 3499 1521 3584 qua

189 3604 266 3714 ipsa
298 3625 376 3685 non
408 3624 547 3712 pamm
573 3588 761 3684 utilitatis
773 3597 821 3682 ad
840 3595 1047 3688 sciendam
1077 3600 1302 3686 aedificandi
1333 3601 1482 3685 attulis

187 3731 225 3818 m
255 3727 362 3821 milri
391 3729 537 3816 uideor.

345 3992 382 4096 §.
414 3935 668 4078 XXXVIII.
701 3931 826 4071 Sint
815 4009 853 4068 m
882 3984 982 4071 hunc
1015 3983 1137 4071 finem
1172 3987 1266 4072 duae
1293 3985 1429 4098 pilae
1416 4013 1475 4072 tn·
1484 4001 1637 4079 Tumv
1753 4069 1757 4074 ,

175 4119 368 4207 'clinatae
380 4136 420 4204 et
450 4120 531 4204 ime
532 4117 672 4230 quales
685 4115 770 4200 ΡΑ
781 4109 949 4228 ,ΩΒ,
990 4118 1036 4199 ad
1067 4131 1270 4226 utramque
1288 4118 1478 4224 tergantur
1496 4135 1573 4246 rig
1599 4163 1636 4231 9

193 4246 521 4360 perpendiculares
533 4245 658 4355 -AF,
675 4242 797 4354 BE,
814 4241 1061 4330 decollantes
1071 4246 1152 4328 Ie
1135 4271 1182 4328 m
1213 4243 1297 4331 D·
1277 4248 1480 4356 ,capietur

52 4471 53 4476 Q
191 4374 293 4470 DC
341 4363 549 4464 differentia
578 4373 713 4462 harum
746 4371 1144 4488 perpendicularium',
1176 4393 1218 4458 et
1249 4369 1453 4460 bisecetur
1441 4401 1482 4459 tn

52 4581 54 4588 ,
188 4501 267 4623 G,
318 4505 446 4594 ereda
475 4504 791 4624 perpendicularis
814 4497 903 4770 ἐξ
930 4499 1059 4592 secans
1087 4495 1183 4594 BE
1207 4499 1338 4613 inl,
1376 4499 1484 4590 dabit

929 4655 954 4712 2
1435 4629 1477 4719 lu
1621 4695 1627 4714 .
