4484 5934
1297 545 1499 675 iol

745 808 843 932 iidff.
853 811 1342 930 Tuuguiisad'l'unguscam
1356 812 1548 930 Tsrbrnjo
1565 879 1578 923 ,
1595 811 1665 900 tel
1682 802 2070 928 Dsetoja3adLennn

575 999 577 1006 ·
615 1055 621 1068 ⁸
749 943 1204 1058 Dsera‚et1nasnorfim
1218 938 1454 1058 Mdktschon,
1468 950 1531 1031 seu
1539 938 1770 1057 Mlltschon.
1789 943 2072 1037 lakuti·vocant

751 1079 969 1188 Daadoog,
1006 1077 1294 1189 Mangoloules,
1313 1073 1462 1161 Butaeti
1480 1095 1521 1160 et
1536 1074 1706 1184 Tuuguii
1724 1074 1806 1158 urbi
1823 1074 2073 1168 Nettlchinsk

748 1206 906 1291 subiecti
938 1206 1084 1291 uorem·
1112 1227 1157 1289 et
1189 1207 1359 1310 Kuderd,
1388 1231 1503 1318 qoam
1533 1229 1676 1289 vocem
1709 1196 1780 1292 M.
1816 1203 1956 1290 Pauus
1993 1208 2072 1292 Ve-

748 1346 850 1419 netos
882 1333 967 1432 (L.
1002 1333 1058 1418 ΙΙ.
1094 1331 1145 1418 C.
1178 1345 1273 1444 38)
1305 1358 1377 1445 per
1414 1332 1617 1442 Gaddari,
1658 1332 1750 1438 uel,
1788 1350 1836 1416 ut
1864 1334 1905 1416 in
1939 1335 2074 1420 todire

466 1453 469 1468 '
646 1487 648 1490 ·
749 1457 982 1548 Berolinenli
1018 1461 1186 1574 legitur,
1226 1490 1297 1575 pet
1344 1460 1512 1551 cadom·
1558 1459 1751 1571 expteffit.
1818 1461 2073 1571 Tunguficum

748 1584 872 1699 Dseia
911 1594 1105 1678 imitantes
1151 1593 1259 1680 Rulli
1289 1594 1336 1677 ad
1386 1591 1539 1699 Lernam
1571 1591 1728 1673 fluuium
1747 1589 1887 1673 animal
1903 1592 2074 1676 nostrum

750 1719 887 1827 Sargo,
920 1723 985 1805 uel
1016 1721 1168 1832 Sotira,
1198 1739 1354 1806 uocant.
1416 1721 1488 1805 Eli
1517 1737 1648 1804 autem
1681 1717 1781 1801 aliud
1809 1738 1962 1828 praeter
1994 1719 2076 1804 hoc

748 1849 910 1955 animal,
960 1848 1023 1932 iub
1059 1851 1217 1934 nomine
1255 1850 1379 1958 Saiga
1410 1851 1450 1931 in
1482 1848 1648 1932 citeriori
1688 1843 1823 1931 Sibiria
1854 1851 1904 1932 ad
1942 1846 2076 1957 Irtin,

746 1973 943 2060 Tobolem
975 1995 1015 2059 et
1045 1973 1190 2062 laicum
1223 1977 1363 2061 fluuios
1391 1998 1561 2082 notum,
1590 1977 1690 2085 quod
1719 2001 1810 2060 cum
1838 1977 1891 2060 ad
1924 1976 2075 2060 Tanain

747 2128 901 2214 quoque
932 2123 973 2187 et
1004 2107 1054 2188 ad
1089 2100 1369 2208 Borysthenem
1404 2102 1581 2209 habitet,
1611 2129 1634 2184 a
1665 2099 1865 2204 Cosaccis,
1897 2122 2077 2190 mutuato

747 2257 770 2314 a
805 2231 957 2316 ‘laturis
987 2227 1243 2344 Crimeosrbus
1274 2231 1493 2339 uocabulo,
1523 2226 1656 2317 Sohar
1684 2232 1831 2316 dieitur.
1897 2234 2076 2320 Hocob-

647 2436 655 2452 .
747 2357 999 2471 seruandum,
1029 2386 1078 2446 ue
1119 2360 1263 2446 fabulae
1297 2353 1460 2445 Stellero
1492 2359 1688 2471 impactae
1724 2359 1905 2445 assensum
1940 2361 2075 2448 tribua·

748 2513 867 2594 mtu,
891 2513 893 2521 ⁴
916 2491 1010 2577 dum
1059 2489 1214 2576 Nouor.
1249 2483 1412 2574 Cnmm.
1445 2489 1584 2574 Tomo
1616 2487 1671 2573 ll.
1709 2516 1752 2598 p.
1797 2511 1886 2591 29³
1909 2486 2078 2575 'animal

739 2615 881 2704 Sohar
914 2643 1094 2732 capream
1126 2629 1386 2705 monocerotem
1425 2615 1506 2700 effe
1550 2617 1779 2728 perhibuit,
1807 2615 1922 2729 'quod
1961 2620 2079 2709 ualde

727 2745 872 2828 uident
906 2742 1061 2832 Colacci
1084 2771 1106 2855 ,·
1143 2748 1321 2832 animalis
1352 2741 1488 2847 Sohar
1514 2747 1641 2855 probo
1673 2747 1808 2857 gnari,
1857 2766 1896 2830 at
1932 2747 2081 2833 ,uoluta

739 2873 885 2958 conscii
922 2878 1171 2962 monocerotis.
1237 2874 1450 2988 Monstmui
1501 2875 1589 2983 ipsu
1637 2899 1779 2959 cornua
1830 2875 1977 2982 Saigae
2020 2897 2079 2959 ex

736 2997 884 3087 ¹Sibiriu
911 3005 1052 3111 alluta,
1079 3028 1123 3088 et
1155 3027 1255 3089 mox
1271 3028 1410 3089 omnes
1425 3002 1564 3087 eadem
1581 3002 1739 3087 animali
1771 2997 1905 3091 Sabor
1934 3026 2080 3088 cornua

736 3127 823 3213 *effe
855 3133 1005 3242 prosellr
1035 3132 1128 3216 lunt.
1153 3128 1392 3243 Supersedeo
1422 3136 1474 3215 de
1497 3128 1576 3216 hoc
1606 3131 1768 3217 animali
1797 3131 1906 3242 plura
1922 3134 2081 3239 dicere,

580 3332 590 3354 ,
724 3247 839 3368 ”quia
861 3259 1155 3372 descriptionem
1185 3262 1270 3346 eius
1299 3286 1323 3344 a
1352 3257 1550 3363 Coelio,
1582 3261 1647 3367 qui
1677 3284 1825 3343 nomen
1857 3260 1973 3346 loiris
2004 3263 2078 3344 im·
2232 3289 2235 3301 ·

680 3394 683 3412 ‘
742 3385 868 3472 barbis
898 3387 952 3469 illi
981 3387 1140 3494 indidit,
1169 3388 1390 3487 confodiam
1424 3389 1465 3468 in
1497 3383 1694 3494 posterum
1728 3387 1914 3471 dabimoa
1978 3385 2080 3472 Non

744 3511 872 3625 liulira
905 3513 1094 3599 Gmeliuos
1122 3515 1164 3596 in
1196 3512 1315 3598 Praef.
1350 3512 1487 3596 Florae
1516 3507 1629 3597 Sibit.
1661 3513 1771 3596 Tom
1802 3513 1839 3596 1.
1870 3541 1913 3624 p.
1934 3530 2083 3603 xuuet

749 3671 841 3723 xum.
873 3640 1048 3728 Sibiriam
1071 3697 1085 3744 ,
1106 3643 1158 3725 ob
1176 3643 1355 3752 insignem
1374 3642 1418 3723 in
1443 3637 1688 3748 prodentibus
1709 3659 1859 3725 naturae
1880 3641 2078 3726 diuersita-
2115 3749 2124 3762 ·
2208 3641 2213 3649 ’

749 3795 856 3879 tem,
873 3775 924 3854 tis
942 3789 981 3854 et
1013 3789 1114 3853 trans
1133 3769 1317 3853 leniseam
1336 3769 1494 3852 fltruiurn
1512 3768 1743 3875 notabilem,
1774 3772 1816 3852 in
1847 3769 1937 3854 dtus
1953 3789 2083 3879 partes
2140 3809 2143 3812 ·

746 3899 1031 3998 dillenniuauit.
1083 3897 1246 3983 Animal
1269 3895 1538 3980 molchiferum
1558 3897 1725 3981 nonulli
1743 3894 1922 4002 Sibiriam
1941 3898 2080 3982 ulteri-

747 4057 858 4116 otem
886 4025 1091 4135 inhabitat,
1125 4024 1178 4110 tis
1222 4022 1422 4109 lenifeam·
1444 4023 1602 4107 fluuium
1620 4049 1805 4134 nusquam
1836 4025 2078 4136 conspicitur.

733 4157 790 4249 ·Si
822 4159 975 4258 dixero,
1010 4155 1167 4267 reperiri
1183 4155 1410 4265 quaudoque
1427 4171 1467 4234 et
1500 4151 1547 4234 ad
1564 4149 1696 4236 Vdum
1732 4153 1917 4261 fluuium,
1947 4154 2079 4241 Ocea·
2225 4201 2231 4206 Δ

571 4276 574 4284 ’
733 4315 841 4372 ληιπη
882 4277 1109 4370 orientalem
1152 4286 1393 4388 intrantem,
1425 4279 1678 4388 intelligitur,
1718 4281 1860 4366 inilln
1886 4305 2077 4367 terrarum

750 4415 873 4499 tradita
892 4412 1102 4522 ubictmque
1117 4413 1199 4495 elle.
1253 4408 1352 4494 Nou
1370 4427 1501 4492 autem
1528 4410 1662 4490 eadem
1684 4409 1823 4518 ubique
1855 4411 1969 4520 topia
1984 4413 2041 4494 est
2056 4473 2078 4518 ,

655 4611 658 4618 .
735 4543 1086 4658 quintanamque
1109 4541 1302 4630 munitur
1319 4535 1497 4660 pabillum
1514 4538 1795 4662 municipibus
1825 4538 2077 4630 conueniens.
