<?xml version="1.0" encoding="UTF-8"?>
<!DOCTYPE html PUBLIC "-//W3C//DTD XHTML 1.0 Transitional//EN"
    "http://www.w3.org/TR/xhtml1/DTD/xhtml1-transitional.dtd">
<html xmlns="http://www.w3.org/1999/xhtml" xml:lang="en" lang="en">
 <head>
  <title>
</title>
<meta http-equiv="Content-Type" content="text/html;charset=utf-8" />
  <meta name='ocr-system' content='tesseract 3.04.00' />
  <meta name='ocr-capabilities' content='ocr_page ocr_carea ocr_par ocr_line ocrx_word'/>
</head>
<body>
  <div class='ocr_page' id='page_1' title='image "./novicommentarii11sssrgoog/novicommentarii11sssrgoog_0388.png"; bbox 0 0 4484 5934; ppageno 0'>
   <div class='ocr_carea' id='block_1_1' title="bbox 781 440 2074 658">
    <p class='ocr_par' dir='ltr' id='par_1_1' title="bbox 781 419 2074 658">
     <span class='ocr_line' id='line_1_1' title="bbox 781 440 2074 658; baseline -0.005 -59"><span class='ocrx_word' id='word_1_1' title='bbox 781 505 1018 658; x_wconf 53' lang='lat' dir='ltr'>aranu</span> <span class='ocrx_word' id='word_1_2' title='bbox 1066 499 1362 616; x_wconf 79' lang='lat' dir='ltr'>runtcn</span> <span class='ocrx_word' id='word_1_3' title='bbox 1407 440 1916 599; x_wconf 54' lang='lat' dir='ltr'>&#39;uuuecntcrn</span> <span class='ocrx_word' id='word_1_4' title='bbox 2068 459 2074 470; x_wconf 83' lang='grc'><strong><em>’</em></strong></span> 
     </span>
    </p>
   </div>
   <div class='ocr_carea' id='block_1_2' title="bbox 779 728 2069 860">
    <p class='ocr_par' dir='ltr' id='par_1_2' title="bbox 779 728 2069 860">
     <span class='ocr_line' id='line_1_2' title="bbox 779 728 2069 860; baseline -0.006 -26"><span class='ocrx_word' id='word_1_5' title='bbox 779 774 876 848; x_wconf 85' lang='lat' dir='ltr'>meu</span> <span class='ocrx_word' id='word_1_6' title='bbox 921 744 1033 845; x_wconf 84' lang='lat' dir='ltr'>huius</span> <span class='ocrx_word' id='word_1_7' title='bbox 1062 747 1245 834; x_wconf 83' lang='lat' dir='ltr'>materiae</span> <span class='ocrx_word' id='word_1_8' title='bbox 1277 743 1397 833; x_wconf 81' lang='lat' dir='ltr'>ferme</span> <span class='ocrx_word' id='word_1_9' title='bbox 1429 745 1584 860; x_wconf 83' lang='lat' dir='ltr'>aequale</span> <span class='ocrx_word' id='word_1_10' title='bbox 1615 745 1672 830; x_wconf 89' lang='lat' dir='ltr'>est</span> <span class='ocrx_word' id='word_1_11' title='bbox 1711 740 1891 852; x_wconf 79' lang='lat' dir='ltr'>dimidiae</span> <span class='ocrx_word' id='word_1_12' title='bbox 1928 728 2069 852; x_wconf 67' lang='lat' dir='ltr'>spbni</span> 
     </span>
    </p>
   </div>
   <div class='ocr_carea' id='block_1_3' title="bbox 645 867 2202 988">
    <p class='ocr_par' dir='ltr' id='par_1_3' title="bbox 645 867 2202 988">
     <span class='ocr_line' id='line_1_3' title="bbox 645 867 2202 988; baseline -0.002 -24"><span class='ocrx_word' id='word_1_13' title='bbox 645 976 647 986; x_wconf 16' lang='lat' dir='ltr'><em>A</em></span> <span class='ocrx_word' id='word_1_14' title='bbox 780 903 874 986; x_wconf 87' lang='lat' dir='ltr'>rae,</span> <span class='ocrx_word' id='word_1_15' title='bbox 907 875 1032 984; x_wconf 84' lang='lat' dir='ltr'>radii,</span> <span class='ocrx_word' id='word_1_16' title='bbox 1063 878 1226 988; x_wconf 84' lang='lat' dir='ltr'>aequalis</span> <span class='ocrx_word' id='word_1_17' title='bbox 1254 879 1364 964; x_wconf 87' lang='lat' dir='ltr'>radio</span> <span class='ocrx_word' id='word_1_18' title='bbox 1393 877 1595 961; x_wconf 72' lang='lat' dir='ltr'>astiuitatis</span> <span class='ocrx_word' id='word_1_19' title='bbox 1623 874 1797 979; x_wconf 83' lang='lat' dir='ltr'>corporis</span> <span class='ocrx_word' id='word_1_20' title='bbox 1811 867 2065 956; x_wconf 66' lang='lat' dir='ltr'>eledrificati.</span> <span class='ocrx_word' id='word_1_21' title='bbox 2201 898 2202 961; x_wconf 69' lang='lat' dir='ltr'>i</span> 
     </span>
    </p>
   </div>
   <div class='ocr_carea' id='block_1_4' title="bbox 781 995 2068 1116">
    <p class='ocr_par' dir='ltr' id='par_1_4' title="bbox 781 995 2068 1116">
     <span class='ocr_line' id='line_1_4' title="bbox 781 995 2068 1116; baseline -0.005 -24"><span class='ocrx_word' id='word_1_22' title='bbox 781 1003 972 1092; x_wconf 84' lang='lat' dir='ltr'>Prismatis</span> <span class='ocrx_word' id='word_1_23' title='bbox 1002 1004 1107 1089; x_wconf 88' lang='lat' dir='ltr'>enim</span> <span class='ocrx_word' id='word_1_24' title='bbox 1140 1006 1441 1116; x_wconf 82' lang='lat' dir='ltr'>quadrangularis</span> <span class='ocrx_word' id='word_1_25' title='bbox 1471 1004 1623 1114; x_wconf 78' lang='lat' dir='ltr'>augurius</span> <span class='ocrx_word' id='word_1_26' title='bbox 1653 998 1788 1098; x_wconf 73' lang='lat' dir='ltr'>solidus</span> <span class='ocrx_word' id='word_1_27' title='bbox 1825 995 1923 1084; x_wconf 87' lang='lat' dir='ltr'>mihi</span> <span class='ocrx_word' id='word_1_28' title='bbox 1967 995 2068 1085; x_wconf 78' lang='lat' dir='ltr'>usur</span> 
     </span>
    </p>
   </div>
   <div class='ocr_carea' id='block_1_5' title="bbox 632 1121 2066 1242">
    <p class='ocr_par' dir='ltr' id='par_1_5' title="bbox 632 1121 2066 1242">
     <span class='ocr_line' id='line_1_5' title="bbox 632 1121 2066 1242; baseline -0.006 -24"><span class='ocrx_word' id='word_1_29' title='bbox 632 1139 635 1156; x_wconf 92' lang='lat'>&#39;</span> <span class='ocrx_word' id='word_1_30' title='bbox 783 1134 837 1232; x_wconf 79' lang='lat' dir='ltr'>est</span> <span class='ocrx_word' id='word_1_31' title='bbox 869 1121 993 1216; x_wconf 74' lang='lat' dir='ltr'>maius&#39;</span> <span class='ocrx_word' id='word_1_32' title='bbox 1020 1130 1151 1216; x_wconf 87' lang='lat' dir='ltr'>lumen</span> <span class='ocrx_word' id='word_1_33' title='bbox 1182 1131 1419 1240; x_wconf 77' lang='lat' dir='ltr'>praebuisse,</span> <span class='ocrx_word' id='word_1_34' title='bbox 1450 1155 1564 1242; x_wconf 85' lang='lat' dir='ltr'>quam</span> <span class='ocrx_word' id='word_1_35' title='bbox 1596 1124 1822 1218; x_wconf 76' lang='lat' dir='ltr'>acutissimus</span> <span class='ocrx_word' id='word_1_36' title='bbox 1852 1151 1920 1236; x_wconf 82' lang='lat' dir='ltr'>pes</span> <span class='ocrx_word' id='word_1_37' title='bbox 1955 1127 2066 1210; x_wconf 86' lang='lat' dir='ltr'>circi·</span> 
     </span>
    </p>
   </div>
   <div class='ocr_carea' id='block_1_6' title="bbox 697 1252 2202 4568">
    <p class='ocr_par' dir='ltr' id='par_1_6' title="bbox 697 1252 2069 2522">
     <span class='ocr_line' id='line_1_6' title="bbox 781 1252 2063 1371; baseline -0.001 -31"><span class='ocrx_word' id='word_1_38' title='bbox 781 1262 832 1348; x_wconf 89' lang='lat' dir='ltr'>ni.</span> <span class='ocrx_word' id='word_1_39' title='bbox 899 1253 1069 1342; x_wconf 80' lang='lat' dir='ltr'>Fortasse</span> <span class='ocrx_word' id='word_1_40' title='bbox 1099 1280 1155 1340; x_wconf 84' lang='lat' dir='ltr'>ex</span> <span class='ocrx_word' id='word_1_41' title='bbox 1184 1260 1321 1342; x_wconf 86' lang='lat' dir='ltr'>maiori</span> <span class='ocrx_word' id='word_1_42' title='bbox 1351 1259 1490 1371; x_wconf 82' lang='lat' dir='ltr'>angulo</span> <span class='ocrx_word' id='word_1_43' title='bbox 1520 1257 1642 1342; x_wconf 92' lang='lat' dir='ltr'>solido</span> <span class='ocrx_word' id='word_1_44' title='bbox 1673 1257 1795 1340; x_wconf 87' lang='lat' dir='ltr'>etiam</span> <span class='ocrx_word' id='word_1_45' title='bbox 1826 1252 1965 1364; x_wconf 74' lang='lat' dir='ltr'>largius</span> <span class='ocrx_word' id='word_1_46' title='bbox 1981 1278 2063 1339; x_wconf 77' lang='lat' dir='ltr'>rna-</span> 
     </span>
     <span class='ocr_line' id='line_1_7' title="bbox 781 1382 2066 1492; baseline -0.002 -24"><span class='ocrx_word' id='word_1_47' title='bbox 781 1388 874 1481; x_wconf 83' lang='lat' dir='ltr'>teria</span> <span class='ocrx_word' id='word_1_48' title='bbox 907 1382 1114 1490; x_wconf 72' lang='lat' dir='ltr'>elestrica,</span> <span class='ocrx_word' id='word_1_49' title='bbox 1147 1386 1213 1468; x_wconf 82' lang='lat' dir='ltr'>uel</span> <span class='ocrx_word' id='word_1_50' title='bbox 1245 1389 1449 1480; x_wconf 80' lang='lat' dir='ltr'>materiam</span> <span class='ocrx_word' id='word_1_51' title='bbox 1479 1386 1700 1472; x_wconf 71' lang='lat' dir='ltr'>eiedricam</span> <span class='ocrx_word' id='word_1_52' title='bbox 1730 1406 1783 1466; x_wconf 86' lang='lat' dir='ltr'>ex</span> <span class='ocrx_word' id='word_1_53' title='bbox 1824 1402 1932 1492; x_wconf 80' lang='lat' dir='ltr'>parte</span> <span class='ocrx_word' id='word_1_54' title='bbox 1968 1406 2066 1466; x_wconf 91' lang='lat' dir='ltr'>con·</span> 
     </span>
     <span class='ocr_line' id='line_1_8' title="bbox 782 1508 2067 1621; baseline 0 -25"><span class='ocrx_word' id='word_1_55' title='bbox 782 1512 973 1614; x_wconf 72' lang='lat' dir='ltr'>diruens,</span> <span class='ocrx_word' id='word_1_56' title='bbox 1014 1513 1183 1621; x_wconf 78' lang='lat' dir='ltr'>eiumpit</span> <span class='ocrx_word' id='word_1_57' title='bbox 1224 1535 1265 1600; x_wconf 92' lang='lat' dir='ltr'>et</span> <span class='ocrx_word' id='word_1_58' title='bbox 1303 1515 1450 1598; x_wconf 87' lang='lat' dir='ltr'>resarcit</span> <span class='ocrx_word' id='word_1_59' title='bbox 1490 1516 1779 1598; x_wconf 83' lang='lat' dir='ltr'>decrementum</span> <span class='ocrx_word' id='word_1_60' title='bbox 1817 1508 2067 1596; x_wconf 74' lang='lat' dir='ltr'>ebneciraria</span> 
     </span>
     <span class='ocr_line' id='line_1_9' title="bbox 783 1635 2064 1751; baseline -0.003 -25"><span class='ocrx_word' id='word_1_61' title='bbox 783 1642 907 1750; x_wconf 85' lang='lat' dir='ltr'>magis</span> <span class='ocrx_word' id='word_1_62' title='bbox 935 1641 975 1724; x_wconf 83' lang='lat' dir='ltr'>in</span> <span class='ocrx_word' id='word_1_63' title='bbox 1007 1639 1084 1723; x_wconf 90' lang='lat' dir='ltr'>hoc</span> <span class='ocrx_word' id='word_1_64' title='bbox 1117 1639 1239 1742; x_wconf 88' lang='lat' dir='ltr'>loco,</span> <span class='ocrx_word' id='word_1_65' title='bbox 1269 1668 1383 1751; x_wconf 85' lang='lat' dir='ltr'>quam</span> <span class='ocrx_word' id='word_1_66' title='bbox 1417 1641 1579 1724; x_wconf 83' lang='lat' dir='ltr'>materia</span> <span class='ocrx_word' id='word_1_67' title='bbox 1608 1663 1661 1722; x_wconf 84' lang='lat' dir='ltr'>ex</span> <span class='ocrx_word' id='word_1_68' title='bbox 1691 1635 1833 1745; x_wconf 83' lang='lat' dir='ltr'>angulo</span> <span class='ocrx_word' id='word_1_69' title='bbox 1850 1637 1969 1720; x_wconf 89' lang='lat' dir='ltr'>solido</span> <span class='ocrx_word' id='word_1_70' title='bbox 1986 1637 2064 1722; x_wconf 91' lang='lat' dir='ltr'>mi·</span> 
     </span>
     <span class='ocr_line' id='line_1_10' title="bbox 783 1763 2066 1884; baseline -0.008 -32"><span class='ocrx_word' id='word_1_71' title='bbox 783 1772 873 1852; x_wconf 88' lang='lat' dir='ltr'>nori</span> <span class='ocrx_word' id='word_1_72' title='bbox 914 1765 1093 1850; x_wconf 85' lang='lat' dir='ltr'>eiaculata</span> <span class='ocrx_word' id='word_1_73' title='bbox 1128 1830 1141 1872; x_wconf 93' lang='lat'>,</span> <span class='ocrx_word' id='word_1_74' title='bbox 1189 1768 1363 1884; x_wconf 71' lang='lat' dir='ltr'>adestque</span> <span class='ocrx_word' id='word_1_75' title='bbox 1412 1768 1511 1852; x_wconf 87' lang='lat' dir='ltr'>sorte</span> <span class='ocrx_word' id='word_1_76' title='bbox 1542 1767 1607 1850; x_wconf 90' lang='lat' dir='ltr'>hic</span> <span class='ocrx_word' id='word_1_77' title='bbox 1645 1766 1827 1877; x_wconf 79' lang='lat' dir='ltr'>quaedam</span> <span class='ocrx_word' id='word_1_78' title='bbox 1869 1763 2066 1875; x_wconf 75' lang='lat' dir='ltr'>compost.</span> 
     </span>
     <span class='ocr_line' id='line_1_11' title="bbox 784 1889 2067 2012; baseline -0.005 -30"><span class='ocrx_word' id='word_1_79' title='bbox 784 1895 843 1982; x_wconf 88' lang='lat' dir='ltr'>tio</span> <span class='ocrx_word' id='word_1_80' title='bbox 881 1895 1073 1978; x_wconf 87' lang='lat' dir='ltr'>rationum</span> <span class='ocrx_word' id='word_1_81' title='bbox 1109 1916 1167 2012; x_wconf 81' lang='lat' dir='ltr'>ex</span> <span class='ocrx_word' id='word_1_82' title='bbox 1196 1898 1352 1978; x_wconf 82' lang='lat' dir='ltr'>ratione</span> <span class='ocrx_word' id='word_1_83' title='bbox 1383 1895 1688 2005; x_wconf 79' lang='lat' dir='ltr'>magnitudinum</span> <span class='ocrx_word' id='word_1_84' title='bbox 1721 1889 1946 2001; x_wconf 80' lang='lat' dir='ltr'>angulorum</span> <span class='ocrx_word' id='word_1_85' title='bbox 1976 1892 2067 1976; x_wconf 82' lang='lat' dir='ltr'>soii·</span> 
     </span>
     <span class='ocr_line' id='line_1_12' title="bbox 785 2017 2066 2132; baseline -0.002 -26"><span class='ocrx_word' id='word_1_86' title='bbox 785 2021 923 2116; x_wconf 86' lang='lat' dir='ltr'>dorum</span> <span class='ocrx_word' id='word_1_87' title='bbox 947 2021 1120 2131; x_wconf 88' lang='lat' dir='ltr'>corporis</span> <span class='ocrx_word' id='word_1_88' title='bbox 1146 2022 1382 2108; x_wconf 70' lang='lat' dir='ltr'>elestrificati</span> <span class='ocrx_word' id='word_1_89' title='bbox 1408 2044 1447 2107; x_wconf 91' lang='lat' dir='ltr'>et</span> <span class='ocrx_word' id='word_1_90' title='bbox 1470 2025 1699 2132; x_wconf 82' lang='lat' dir='ltr'>angulorum</span> <span class='ocrx_word' id='word_1_91' title='bbox 1728 2017 1928 2106; x_wconf 88' lang='lat' dir='ltr'>solidorum</span> <span class='ocrx_word' id='word_1_92' title='bbox 1959 2087 1972 2128; x_wconf 96' lang='lat'>,</span> <span class='ocrx_word' id='word_1_93' title='bbox 2003 2022 2066 2131; x_wconf 88' lang='lat' dir='ltr'>qui</span> 
     </span>
     <span class='ocr_line' id='line_1_13' title="bbox 786 2143 2067 2260; baseline -0.001 -25"><span class='ocrx_word' id='word_1_94' title='bbox 786 2149 988 2235; x_wconf 84' lang='lat' dir='ltr'>materiam</span> <span class='ocrx_word' id='word_1_95' title='bbox 1009 2148 1226 2247; x_wconf 70' lang='lat' dir='ltr'>electricam</span> <span class='ocrx_word' id='word_1_96' title='bbox 1246 2151 1425 2259; x_wconf 83' lang='lat' dir='ltr'>agitatam</span> <span class='ocrx_word' id='word_1_97' title='bbox 1442 2152 1671 2260; x_wconf 78' lang='lat' dir='ltr'>continent3</span> <span class='ocrx_word' id='word_1_98' title='bbox 1703 2145 1768 2230; x_wconf 85' lang='lat' dir='ltr'>ubi</span> <span class='ocrx_word' id='word_1_99' title='bbox 1793 2170 1847 2232; x_wconf 82' lang='lat' dir='ltr'>ex</span> <span class='ocrx_word' id='word_1_100' title='bbox 1871 2143 2067 2258; x_wconf 80' lang='lat' dir='ltr'>principiis</span> 
     </span>
     <span class='ocr_line' id='line_1_14' title="bbox 697 2273 2068 2386; baseline 0.003 -26"><span class='ocrx_word' id='word_1_101' title='bbox 697 2373 698 2378; x_wconf 8' lang='grc' dir='ltr'><strong><em>Ν</em></strong></span> <span class='ocrx_word' id='word_1_102' title='bbox 786 2275 1034 2362; x_wconf 78' lang='lat' dir='ltr'>arithmeticis</span> <span class='ocrx_word' id='word_1_103' title='bbox 1056 2293 1201 2386; x_wconf 82' lang='lat' dir='ltr'>patet,</span> <span class='ocrx_word' id='word_1_104' title='bbox 1229 2277 1373 2364; x_wconf 73' lang='lat' dir='ltr'>sedium</span> <span class='ocrx_word' id='word_1_105' title='bbox 1392 2279 1486 2362; x_wconf 86' lang='lat' dir='ltr'>oriri</span> <span class='ocrx_word' id='word_1_106' title='bbox 1504 2277 1751 2380; x_wconf 82' lang='lat' dir='ltr'>maximnm,</span> <span class='ocrx_word' id='word_1_107' title='bbox 1776 2273 1981 2362; x_wconf 71' lang='lat' dir='ltr'>sifadores</span> <span class='ocrx_word' id='word_1_108' title='bbox 1997 2277 2068 2364; x_wconf 83' lang='lat' dir='ltr'>sint</span> 
     </span>
     <span class='ocr_line' id='line_1_15' title="bbox 787 2400 2069 2522; baseline 0.006 -37"><span class='ocrx_word' id='word_1_109' title='bbox 787 2401 973 2515; x_wconf 77' lang='lat' dir='ltr'>aequales,</span> <span class='ocrx_word' id='word_1_110' title='bbox 987 2403 1136 2487; x_wconf 85' lang='lat' dir='ltr'>summa</span> <span class='ocrx_word' id='word_1_111' title='bbox 1150 2423 1329 2491; x_wconf 89' lang='lat' dir='ltr'>manente</span> <span class='ocrx_word' id='word_1_112' title='bbox 1346 2409 1494 2511; x_wconf 84' lang='lat' dir='ltr'>eadem,</span> <span class='ocrx_word' id='word_1_113' title='bbox 1511 2405 1613 2515; x_wconf 92' lang='lat' dir='ltr'>quod</span> <span class='ocrx_word' id='word_1_114' title='bbox 1631 2404 1673 2489; x_wconf 89' lang='lat' dir='ltr'>in</span> <span class='ocrx_word' id='word_1_115' title='bbox 1687 2400 1798 2491; x_wconf 69' lang='lat' dir='ltr'>dieto</span> <span class='ocrx_word' id='word_1_116' title='bbox 1810 2403 1893 2488; x_wconf 84' lang='lat' dir='ltr'>casu</span> <span class='ocrx_word' id='word_1_117' title='bbox 1900 2403 2069 2522; x_wconf 78' lang='lat' dir='ltr'>obtinet.</span> 
     </span>
    </p>

    <p class='ocr_par' dir='ltr' id='par_1_7' title="bbox 783 2525 2202 2900">
     <span class='ocr_line' id='line_1_16' title="bbox 936 2525 2066 2631; baseline 0.002 -17"><span class='ocrx_word' id='word_1_118' title='bbox 936 2525 1206 2631; x_wconf 83' lang='lat' dir='ltr'>Consideratio</span> <span class='ocrx_word' id='word_1_119' title='bbox 1235 2531 1392 2617; x_wconf 78' lang='lat' dir='ltr'>luminis</span> <span class='ocrx_word' id='word_1_120' title='bbox 1420 2534 1547 2619; x_wconf 89' lang='lat' dir='ltr'>conici</span> <span class='ocrx_word' id='word_1_121' title='bbox 1580 2531 1747 2621; x_wconf 66' lang='lat' dir='ltr'>eretriae</span> <span class='ocrx_word' id='word_1_122' title='bbox 1774 2527 1876 2614; x_wconf 69' lang='lat' dir='ltr'>bne</span> <span class='ocrx_word' id='word_1_123' title='bbox 1903 2554 1977 2616; x_wconf 87' lang='lat' dir='ltr'>nos</span> <span class='ocrx_word' id='word_1_124' title='bbox 2010 2532 2066 2616; x_wconf 85' lang='lat' dir='ltr'>iu-</span> 
     </span>
     <span class='ocr_line' id='line_1_17' title="bbox 783 2657 2202 2781; baseline 0.001 -37"><span class='ocrx_word' id='word_1_125' title='bbox 783 2657 842 2758; x_wconf 88' lang='lat' dir='ltr'>sio</span> <span class='ocrx_word' id='word_1_126' title='bbox 874 2657 1011 2749; x_wconf 81' lang='lat' dir='ltr'>diutius</span> <span class='ocrx_word' id='word_1_127' title='bbox 1041 2683 1063 2742; x_wconf 93' lang='lat' dir='ltr'>a</span> <span class='ocrx_word' id='word_1_128' title='bbox 1097 2659 1297 2770; x_wconf 79' lang='lat' dir='ltr'>proposito</span> <span class='ocrx_word' id='word_1_129' title='bbox 1328 2659 1456 2746; x_wconf 85' lang='lat' dir='ltr'>nostro</span> <span class='ocrx_word' id='word_1_130' title='bbox 1485 2660 1745 2773; x_wconf 87' lang='lat' dir='ltr'>persequendo</span> <span class='ocrx_word' id='word_1_131' title='bbox 1772 2659 1968 2768; x_wconf 85' lang='lat' dir='ltr'>detinuit,</span> <span class='ocrx_word' id='word_1_132' title='bbox 2018 2660 2072 2746; x_wconf 81' lang='lat' dir='ltr'>ad</span> <span class='ocrx_word' id='word_1_133' title='bbox 2201 2758 2202 2781; x_wconf 21' lang='grc' dir='ltr'><strong><em>Ν</em></strong></span> 
     </span>
     <span class='ocr_line' id='line_1_18' title="bbox 785 2784 2202 2900; baseline 0.003 -30"><span class='ocrx_word' id='word_1_134' title='bbox 785 2787 889 2900; x_wconf 88' lang='lat' dir='ltr'>quod</span> <span class='ocrx_word' id='word_1_135' title='bbox 921 2807 990 2870; x_wconf 86' lang='lat' dir='ltr'>noe</span> <span class='ocrx_word' id='word_1_136' title='bbox 1020 2810 1120 2870; x_wconf 89' lang='lat' dir='ltr'>nunc</span> <span class='ocrx_word' id='word_1_137' title='bbox 1151 2787 1269 2871; x_wconf 81' lang='lat' dir='ltr'>rursus</span> <span class='ocrx_word' id='word_1_138' title='bbox 1299 2791 1541 2900; x_wconf 71' lang='lat' dir='ltr'>accingimus.</span> <span class='ocrx_word' id='word_1_139' title='bbox 1727 2815 1739 2832; x_wconf 89' lang='lat'><strong>·</strong></span> <span class='ocrx_word' id='word_1_140' title='bbox 2201 2784 2202 2787; x_wconf 51' lang='lat'>‘</span> 
     </span>
    </p>

    <p class='ocr_par' dir='ltr' id='par_1_8' title="bbox 788 2909 2200 4568">
     <span class='ocr_line' id='line_1_19' title="bbox 925 2909 2072 3026; baseline 0.003 -30"><span class='ocrx_word' id='word_1_141' title='bbox 925 2909 1027 2996; x_wconf 85' lang='lat' dir='ltr'>Dixi</span> <span class='ocrx_word' id='word_1_142' title='bbox 1058 2938 1149 2998; x_wconf 87' lang='lat' dir='ltr'>eum</span> <span class='ocrx_word' id='word_1_143' title='bbox 1183 2914 1324 3000; x_wconf 89' lang='lat' dir='ltr'>lumine</span> <span class='ocrx_word' id='word_1_144' title='bbox 1352 2916 1551 3026; x_wconf 60' lang='lat' dir='ltr'>praedicto</span> <span class='ocrx_word' id='word_1_145' title='bbox 1580 2917 1866 3004; x_wconf 83' lang='lat' dir='ltr'>decrementum</span> <span class='ocrx_word' id='word_1_146' title='bbox 1885 2913 2072 3002; x_wconf 74' lang='lat' dir='ltr'>eiceren-</span> 
     </span>
     <span class='ocr_line' id='line_1_20' title="bbox 788 3040 2071 3155; baseline 0.005 -31"><span class='ocrx_word' id='word_1_147' title='bbox 788 3040 870 3132; x_wconf 82' lang='lat' dir='ltr'>tetis</span> <span class='ocrx_word' id='word_1_148' title='bbox 901 3042 1089 3124; x_wconf 85' lang='lat' dir='ltr'>eximium</span> <span class='ocrx_word' id='word_1_149' title='bbox 1122 3043 1369 3129; x_wconf 71' lang='lat' dir='ltr'>coniunctum</span> <span class='ocrx_word' id='word_1_150' title='bbox 1395 3045 1502 3150; x_wconf 68' lang='lat' dir='ltr'>esst,</span> <span class='ocrx_word' id='word_1_151' title='bbox 1532 3047 1633 3155; x_wconf 91' lang='lat' dir='ltr'>quod</span> <span class='ocrx_word' id='word_1_152' title='bbox 1661 3044 1816 3130; x_wconf 70' lang='lat' dir='ltr'>moetus</span> <span class='ocrx_word' id='word_1_153' title='bbox 1830 3042 1943 3149; x_wconf 82' lang='lat' dir='ltr'>som,</span> <span class='ocrx_word' id='word_1_154' title='bbox 1970 3046 2071 3130; x_wconf 84' lang='lat' dir='ltr'>dtcrn</span> 
     </span>
     <span class='ocr_line' id='line_1_21' title="bbox 788 3166 2074 3283; baseline 0.006 -33"><span class='ocrx_word' id='word_1_155' title='bbox 788 3187 975 3275; x_wconf 87' lang='lat' dir='ltr'>tempus,</span> <span class='ocrx_word' id='word_1_156' title='bbox 1005 3191 1083 3278; x_wconf 90' lang='lat' dir='ltr'>qno</span> <span class='ocrx_word' id='word_1_157' title='bbox 1111 3166 1359 3256; x_wconf 77' lang='lat' dir='ltr'>descendebat</span> <span class='ocrx_word' id='word_1_158' title='bbox 1391 3172 1500 3256; x_wconf 87' lang='lat' dir='ltr'>filum</span> <span class='ocrx_word' id='word_1_159' title='bbox 1531 3173 1665 3256; x_wconf 85' lang='lat' dir='ltr'>indicis</span> <span class='ocrx_word' id='word_1_160' title='bbox 1694 3171 1970 3280; x_wconf 72' lang='lat' dir='ltr'>eremiticae,</span> <span class='ocrx_word' id='word_1_161' title='bbox 1998 3196 2074 3283; x_wconf 86' lang='lat' dir='ltr'>per</span> 
     </span>
     <span class='ocr_line' id='line_1_22' title="bbox 789 3302 2075 3410; baseline 0.006 -34"><span class='ocrx_word' id='word_1_162' title='bbox 789 3316 936 3394; x_wconf 84' lang='lat' dir='ltr'>certum</span> <span class='ocrx_word' id='word_1_163' title='bbox 975 3320 1139 3399; x_wconf 82' lang='lat' dir='ltr'>arcum,</span> <span class='ocrx_word' id='word_1_164' title='bbox 1168 3320 1425 3406; x_wconf 79' lang='lat' dir='ltr'>annotarem,</span> <span class='ocrx_word' id='word_1_165' title='bbox 1455 3302 1592 3384; x_wconf 89' lang='lat' dir='ltr'>deinde</span> <span class='ocrx_word' id='word_1_166' title='bbox 1623 3304 1913 3388; x_wconf 82' lang='lat' dir='ltr'>extremitatem</span> <span class='ocrx_word' id='word_1_167' title='bbox 1953 3323 2075 3410; x_wconf 82' lang='lat' dir='ltr'>regn-</span> 
     </span>
     <span class='ocr_line' id='line_1_23' title="bbox 789 3421 2074 3536; baseline 0.004 -28"><span class='ocrx_word' id='word_1_168' title='bbox 789 3422 848 3508; x_wconf 85' lang='lat' dir='ltr'>lae</span> <span class='ocrx_word' id='word_1_169' title='bbox 881 3421 1028 3506; x_wconf 78' lang='lat' dir='ltr'>vasculo</span> <span class='ocrx_word' id='word_1_170' title='bbox 1061 3425 1189 3507; x_wconf 84' lang='lat' dir='ltr'>vitreo</span> <span class='ocrx_word' id='word_1_171' title='bbox 1217 3433 1438 3536; x_wconf 81' lang='lat' dir='ltr'>exciperem</span> <span class='ocrx_word' id='word_1_172' title='bbox 1471 3446 1513 3512; x_wconf 89' lang='lat' dir='ltr'>et</span> <span class='ocrx_word' id='word_1_173' title='bbox 1542 3427 1779 3514; x_wconf 84' lang='lat' dir='ltr'>intentaiinm</span> <span class='ocrx_word' id='word_1_174' title='bbox 1806 3429 1905 3512; x_wconf 88' lang='lat' dir='ltr'>inter</span> <span class='ocrx_word' id='word_1_175' title='bbox 1941 3429 2074 3512; x_wconf 75' lang='lat' dir='ltr'>resen</span> 
     </span>
     <span class='ocr_line' id='line_1_24' title="bbox 789 3548 2081 3658; baseline 0.004 -22"><span class='ocrx_word' id='word_1_176' title='bbox 789 3548 872 3636; x_wconf 90' lang='lat' dir='ltr'>lum</span> <span class='ocrx_word' id='word_1_177' title='bbox 902 3567 944 3631; x_wconf 86' lang='lat' dir='ltr'>et</span> <span class='ocrx_word' id='word_1_178' title='bbox 976 3549 1151 3658; x_wconf 83' lang='lat' dir='ltr'>reguiam</span> <span class='ocrx_word' id='word_1_179' title='bbox 1182 3551 1356 3640; x_wconf 81' lang='lat' dir='ltr'>limatura</span> <span class='ocrx_word' id='word_1_180' title='bbox 1387 3555 1522 3642; x_wconf 84' lang='lat' dir='ltr'>martis</span> <span class='ocrx_word' id='word_1_181' title='bbox 1549 3559 1612 3640; x_wconf 82' lang='lat' dir='ltr'>uei</span> <span class='ocrx_word' id='word_1_182' title='bbox 1644 3558 1762 3641; x_wconf 83' lang='lat' dir='ltr'>rasura</span> <span class='ocrx_word' id='word_1_183' title='bbox 1800 3556 1892 3642; x_wconf 84' lang='lat' dir='ltr'>alius</span> <span class='ocrx_word' id='word_1_184' title='bbox 1930 3555 2081 3642; x_wconf 82' lang='lat' dir='ltr'>metal-</span> 
     </span>
     <span class='ocr_line' id='line_1_25' title="bbox 790 3673 2082 3790; baseline 0.005 -30"><span class='ocrx_word' id='word_1_185' title='bbox 790 3673 818 3760; x_wconf 87' lang='lat' dir='ltr'>lr</span> <span class='ocrx_word' id='word_1_186' title='bbox 850 3675 1092 3784; x_wconf 84' lang='lat' dir='ltr'>explerem,</span> <span class='ocrx_word' id='word_1_187' title='bbox 1131 3676 1332 3790; x_wconf 82' lang='lat' dir='ltr'>denuoque</span> <span class='ocrx_word' id='word_1_188' title='bbox 1368 3683 1531 3772; x_wconf 83' lang='lat' dir='ltr'>excitata</span> <span class='ocrx_word' id='word_1_189' title='bbox 1559 3685 1838 3786; x_wconf 75' lang='lat' dir='ltr'>eberneitate,</span> <span class='ocrx_word' id='word_1_190' title='bbox 1869 3701 1917 3772; x_wconf 71' lang='lat' dir='ltr'>vt</span> <span class='ocrx_word' id='word_1_191' title='bbox 1956 3683 2082 3768; x_wconf 83' lang='lat' dir='ltr'>fisum</span> 
     </span>
     <span class='ocr_line' id='line_1_26' title="bbox 790 3803 2086 3920; baseline 0.011 -38"><span class='ocrx_word' id='word_1_192' title='bbox 790 3803 952 3886; x_wconf 87' lang='lat' dir='ltr'>eundem</span> <span class='ocrx_word' id='word_1_193' title='bbox 985 3803 1146 3914; x_wconf 80' lang='lat' dir='ltr'>gradum</span> <span class='ocrx_word' id='word_1_194' title='bbox 1177 3807 1423 3918; x_wconf 84' lang='lat' dir='ltr'>rrsterrderet,</span> <span class='ocrx_word' id='word_1_195' title='bbox 1453 3835 1570 3919; x_wconf 89' lang='lat' dir='ltr'>quem</span> <span class='ocrx_word' id='word_1_196' title='bbox 1602 3813 1713 3894; x_wconf 92' lang='lat' dir='ltr'>inrtio</span> <span class='ocrx_word' id='word_1_197' title='bbox 1744 3817 1784 3898; x_wconf 90' lang='lat' dir='ltr'>in</span> <span class='ocrx_word' id='word_1_198' title='bbox 1817 3811 1948 3920; x_wconf 87' lang='lat' dir='ltr'>primo</span> <span class='ocrx_word' id='word_1_199' title='bbox 1971 3819 2086 3914; x_wconf 74' lang='lat' dir='ltr'>caso,</span> 
     </span>
     <span class='ocr_line' id='line_1_27' title="bbox 791 3932 2087 4047; baseline 0.01 -37"><span class='ocrx_word' id='word_1_200' title='bbox 791 3945 977 4036; x_wconf 83' lang='lat' dir='ltr'>tempus,</span> <span class='ocrx_word' id='word_1_201' title='bbox 1007 3955 1087 4041; x_wconf 91' lang='lat' dir='ltr'>quo</span> <span class='ocrx_word' id='word_1_202' title='bbox 1116 3932 1339 4024; x_wconf 74' lang='lat' dir='ltr'>esestrieitte</span> <span class='ocrx_word' id='word_1_203' title='bbox 1369 3937 1603 4029; x_wconf 80' lang='lat' dir='ltr'>decrescebat</span> <span class='ocrx_word' id='word_1_204' title='bbox 1633 3963 1705 4047; x_wconf 88' lang='lat' dir='ltr'>per</span> <span class='ocrx_word' id='word_1_205' title='bbox 1733 3939 1900 4042; x_wconf 84' lang='lat' dir='ltr'>eundem</span> <span class='ocrx_word' id='word_1_206' title='bbox 1935 3963 2087 4024; x_wconf 85' lang='lat' dir='ltr'>arcum</span> 
     </span>
     <span class='ocr_line' id='line_1_28' title="bbox 789 4057 2090 4176; baseline 0.009 -40"><span class='ocrx_word' id='word_1_207' title='bbox 789 4059 1042 4144; x_wconf 77' lang='lat' dir='ltr'>obsecrarem.</span> <span class='ocrx_word' id='word_1_208' title='bbox 1107 4061 1286 4173; x_wconf 81' lang='lat' dir='ltr'>Tempus</span> <span class='ocrx_word' id='word_1_209' title='bbox 1311 4089 1416 4156; x_wconf 83' lang='lat' dir='ltr'>enirn</span> <span class='ocrx_word' id='word_1_210' title='bbox 1446 4067 1593 4150; x_wconf 80' lang='lat' dir='ltr'>ultimo</span> <span class='ocrx_word' id='word_1_211' title='bbox 1611 4057 1713 4150; x_wconf 85' lang='lat' dir='ltr'>‘casu</span> <span class='ocrx_word' id='word_1_212' title='bbox 1753 4068 1903 4176; x_wconf 83' lang='lat' dir='ltr'>semper</span> <span class='ocrx_word' id='word_1_213' title='bbox 1941 4068 2090 4152; x_wconf 84' lang='lat' dir='ltr'>multo</span> 
     </span>
     <span class='ocr_line' id='line_1_29' title="bbox 791 4187 2200 4300; baseline 0.009 -30"><span class='ocrx_word' id='word_1_214' title='bbox 791 4187 918 4282; x_wconf 86' lang='lat' dir='ltr'>maius</span> <span class='ocrx_word' id='word_1_215' title='bbox 949 4206 1027 4269; x_wconf 84' lang='lat' dir='ltr'>erat</span> <span class='ocrx_word' id='word_1_216' title='bbox 1043 4213 1204 4298; x_wconf 68' lang='lat' dir='ltr'>,quam</span> <span class='ocrx_word' id='word_1_217' title='bbox 1250 4198 1416 4300; x_wconf 84' lang='lat' dir='ltr'>primo,</span> <span class='ocrx_word' id='word_1_218' title='bbox 1454 4214 1563 4276; x_wconf 87' lang='lat' dir='ltr'>certo</span> <span class='ocrx_word' id='word_1_219' title='bbox 1601 4195 1739 4298; x_wconf 84' lang='lat' dir='ltr'>iudicio</span> <span class='ocrx_word' id='word_1_220' title='bbox 1781 4192 2094 4294; x_wconf 69' lang='lat' dir='ltr'>eledicicitarem</span> <span class='ocrx_word' id='word_1_221' title='bbox 2199 4262 2200 4265; x_wconf 12' lang='grc' dir='ltr'><strong><em>κ</em></strong></span> 
     </span>
     <span class='ocr_line' id='line_1_30' title="bbox 790 4312 2100 4435; baseline 0.013 -42"><span class='ocrx_word' id='word_1_222' title='bbox 790 4312 910 4422; x_wconf 89' lang='lat' dir='ltr'>priori</span> <span class='ocrx_word' id='word_1_223' title='bbox 944 4313 1025 4398; x_wconf 85' lang='lat' dir='ltr'>casu</span> <span class='ocrx_word' id='word_1_224' title='bbox 1054 4314 1262 4402; x_wconf 85' lang='lat' dir='ltr'>decreuisse</span> <span class='ocrx_word' id='word_1_225' title='bbox 1285 4431 1287 4435; x_wconf 13' lang='grc' dir='ltr'><strong><em>ι</em></strong></span> <span class='ocrx_word' id='word_1_226' title='bbox 1308 4323 1447 4420; x_wconf 85' lang='lat' dir='ltr'>citius,</span> <span class='ocrx_word' id='word_1_227' title='bbox 1497 4347 1615 4431; x_wconf 83' lang='lat' dir='ltr'>quam</span> <span class='ocrx_word' id='word_1_228' title='bbox 1644 4323 1775 4406; x_wconf 79' lang='lat' dir='ltr'>altero.</span> <span class='ocrx_word' id='word_1_229' title='bbox 1838 4321 1960 4430; x_wconf 80' lang='lat' dir='ltr'>Priori</span> <span class='ocrx_word' id='word_1_230' title='bbox 1998 4320 2100 4410; x_wconf 78' lang='lat' dir='ltr'>casn</span> 
     </span>
     <span class='ocr_line' id='line_1_31' title="bbox 789 4437 2102 4568; baseline 0.014 -47"><span class='ocrx_word' id='word_1_231' title='bbox 789 4441 906 4532; x_wconf 80' lang='lat' dir='ltr'>etiam</span> <span class='ocrx_word' id='word_1_232' title='bbox 939 4437 1049 4568; x_wconf 81' lang='lat' dir='ltr'>filum</span> <span class='ocrx_word' id='word_1_233' title='bbox 1081 4469 1277 4558; x_wconf 74' lang='lat' dir='ltr'>nunqnam</span> <span class='ocrx_word' id='word_1_234' title='bbox 1307 4450 1357 4538; x_wconf 78' lang='lat' dir='ltr'>ed</span> <span class='ocrx_word' id='word_1_235' title='bbox 1374 4467 1520 4539; x_wconf 75' lang='lat' dir='ltr'>tantem</span> <span class='ocrx_word' id='word_1_236' title='bbox 1536 4451 1773 4538; x_wconf 64' lang='lat' dir='ltr'>ebitudinem</span> <span class='ocrx_word' id='word_1_237' title='bbox 1789 4453 1940 4559; x_wconf 61' lang='lat' dir='ltr'>demto</span> <span class='ocrx_word' id='word_1_238' title='bbox 1957 4450 2102 4562; x_wconf 81' lang='lat' dir='ltr'>potui</span> 
     </span>
    </p>
   </div>
   <div class='ocr_carea' id='block_1_7' title="bbox 2043 4600 2199 4666">
    <p class='ocr_par' dir='ltr' id='par_1_9' title="bbox 2043 4600 2199 4666">
     <span class='ocr_line' id='line_1_32' title="bbox 2043 4600 2199 4666; baseline -0.09 -1"><span class='ocrx_word' id='word_1_239' title='bbox 2043 4600 2199 4666; x_wconf 64' lang='lat'>80,</span> 
     </span>
    </p>
   </div>
   <div class='ocr_carea' id='block_1_8' title="bbox 0 0 2267 5924">
    <p class='ocr_par' dir='ltr' id='par_1_10' title="bbox 0 0 2267 5924">
     <span class='ocr_line' id='line_1_33' title="bbox 0 0 2267 5924; baseline 0 0"><span class='ocrx_word' id='word_1_240' title='bbox 0 0 2267 5924; x_wconf 95' lang='lat' dir='ltr'> </span> 
     </span>
    </p>
   </div>
  </div>
 </body>
</html>
