4484 5934
758 499 819 592 42
976 478 1076 576 DE
1135 468 1830 627 CONSYRVC‘T‘IONE

756 761 827 854 que
842 733 923 828 calu
940 725 1124 832 effectum
1142 745 1302 854 produci
1328 742 1579 830 debiliorem:
1609 766 1662 829 ex
1690 766 1769 856 qno
1797 730 2053 854 intelligitur,

756 873 836 956 dari
868 889 1015 968 certum
1057 872 1248 986 quendam
1288 873 1491 960 celeritatis
1528 873 1720 982 gradum,
1771 897 1844 982 qua
1893 871 1925 956 ir
1970 872 2052 956 alae

755 1001 1087 1112 circumaguntur,
1115 1005 1310 1090 maximos
1326 1002 1413 1086 inde
1442 1001 1602 1088 effeetus
1618 999 1883 1122 proficiscatur.
1926 999 2052 1084 Aelii·

758 1147 886 1212 matur
917 1147 1045 1211 autem
1075 1130 1258 1239 quantitas
1288 1127 1444 1212 effecius
1473 1153 1528 1212 ex
1559 1148 1768 1212 momento
1799 1123 1963 1212 aiiionis
1992 1129 2055 1212 uis

757 1252 1017 1365 impellentis,
1061 1257 1162 1365 qunrl
1193 1255 1433 1340 momentum
1472 1254 1653 1340 u'cfinitnr
1688 1255 1894 1368 producto·
1918 1279 1972 1339 ex
2008 1255 2053 1340 ri

757 1379 983 1494 impellente
1015 1382 1055 1464 in
1087 1383 1322 1468 celeritatem
1352 1409 1426 1496 qua
1441 1383 1664 1468 machinam
1683 1403 1850 1494 mouet,
1886 1379 2053 1494 hincque

759 1511 878 1621 enam
911 1509 1061 1620 gradus·
1074 1511 1139 1596 ile
1171 1512 1372 1596 celeritatis
1403 1514 1580 1599 maxime
1610 1511 1772 1597 idoneus
1810 1509 1973 1596 riciffim
2003 1511 2055 1600 ab
2136 1559 2152 1574 -

758 1633 985 1760 qbliquitate
1018 1665 1088 1750 qna
1119 1659 1257 1724 ventus
1283 1641 1323 1724 in
1340 1639 1415 1724 alas
1447 1640 1608 1747 incidit,
1641 1643 1818 1751 pendet,
1849 1639 1951 1722 vnde
1980 1639 2048 1723 du·

758 1764 856 1876 plex
885 1763 1046 1850 nascitur
1061 1875 1064 1882 Ι
1078 1767 1268 1877 quaestio,
1299 1794 1371 1880 qua
1405 1782 1485 1852 tarn
1517 1767 1720 1879 obliquitas
1740 1767 1882 1854 alarum
1900 1767 2052 1852 ratione

758 1891 980 1982 directionis
1012 1894 1153 2000 venti,
1184 1916 1297 2002 qnam
1328 1894 1500 1980 celeritas
1550 1915 1707 2003 monta,
1755 1885 1834 2008 quo
1880 1893 1963 1981 alae
2011 1897 2053 1978 in

758 2043 902 2132 gyrum
932 2039 1123 2130 aguntur,
1162 2019 1451 2107 determinanda
1509 2025 1769 2133 proponitur,
1808 2040 1852 2107 rt
1897 2020 2059 2106 effebim

758 2148 955 2232 maximus
987 2144 1074 2232 inde
1104 2145 1343 2255 obtinerunt,
1374 2147 1436 2232 seu
1468 2169 1512 2231 rt
1544 2165 1792 2238 momentum
1809 2149 1968 2235 aliionie
1995 2150 2056 2234 rie

757 2273 990 2384 impellentis
1020 2275 1237 2360 maximum
1269 2278 1449 2360 valorem
1484 2279 1722 2364 nanciscatur.
1784 2279 1894 2395 Quae
1917 2277 2056 2388 disqui-
2205 2363 2208 2366 ,

757 2399 844 2486 litio
872 2428 949 2512 quo
980 2401 1089 2486 latius
1121 2420 1281 2514 pateat,
1329 2429 1418 2489 eam
1460 2405 1515 2488 ita
1546 2405 1784 2516 instituam,
1831 2424 1877 2488 rt
1908 2406 2053 2489 alanum

756 2528 995 2642 superficiem
1026 2555 1104 2615 non
1139 2533 1332 2642 planam,
1370 2531 1440 2616 sed.
1472 2553 1664 2647 utcunque
1702 2537 1943 2618 incuruatam
1982 2532 2054 2616 lim

755 2658 1081 2768 consideraturus,
1115 2685 1186 2769 qua
1216 2659 1370 2744 feliciter
1399 2658 1588 2746 adfinem
1620 2663 1801 2772 perdutia
1829 2658 2057 2743 concludere

758 2783 918 2869 tandem
952 2785 1112 2891 licebit,
1144 2789 1357 2898 quomodo
1404 2777 1613 2896 superficies
1661 2789 1802 2872 alarum
1837 2787 1977 2895 ubique
2003 2786 2077 2902 ad²

629 2949 632 2956 ·
759 2914 868 3006 renti
909 2911 1158 2997 direiiionem
1210 2934 1433 3030 comparata
1478 2910 1559 3000 effe
1588 2899 1630 2998 et
1675 2933 1812 3026 quanta
1861 2912 2059 2997 celeritate

758 3039 839 3125 alae
873 3041 998 3152 gyrari
1029 3039 1220 3150 debeant,
1256 3059 1299 3125 rt
1349 3030 1570 3126 maximum
1601 3070 1622 3129 a
1656 3044 1856 3158 machinae
1894 3038 2060 3124 aeiione

758 3167 939 3254 efferim
973 3167 1180 3278 expeciare
1210 3193 1404 3280 queamus.
1449 3165 1648 3282 Vtcunqne
1672 3189 1799 3254 autem
1833 3165 1981 3251 alarum
1997 3166 2059 3251 su·
2160 3199 2166 3214 ¹

617 3285 619 3290 ’
759 3295 935 3413 perficies
966 3294 1012 3379 srt
1040 3295 1264 3399 incuruata,
1293 3295 1455 3380 minima
1487 3299 1564 3381 eius
1611 3297 1800 3382 elementa
1849 3315 1922 3404 pro
1970 3291 2054 3404 pla·

757 3425 817 3524 nis
864 3422 998 3505 haberi
1027 3421 1210 3532 poliunt,
1242 3447 1295 3504 ex
1327 3446 1406 3534 quo
1436 3421 1762 3534 inuestigationem
1812 3420 1912 3507 hanc
1942 3445 1965 3505 a
1996 3421 2056 3504 su·

760 3547 985 3664 perficiebus
1015 3547 1141 3662 planis
1171 3546 1380 3634 inchoabo.

1127 3803 1562 3933 rnonnnua
1623 3809 1693 3898 nl

838 3961 843 3970 ι
911 4021 953 4080 1.
985 3994 1034 4086 Si
1074 4014 1208 4086 ventus
1237 4001 1333 4088 data
1366 4001 1556 4090 celeritate
1583 4008 1623 4091 in
1639 3997 1875 4120 strpepiciem
1901 4003 2057 4121 planam

757 4133 995 4242 wernerum
1025 4117 1088 4225 [ab
1114 4151 1318 4244 quocunque
1349 4130 1482 4242 argalo
1506 4133 1688 4247 impiaque
1712 4199 1726 4244 ,
1753 4135 1910 4245 definire
1925 4139 2007 4224 nim
2037 4199 2055 4244 ,

762 4279 836 4372 pru
876 4253 970 4346 haec
989 4249 1206 4374 superficies
1236 4285 1267 4344 a
1296 4274 1408 4349 uento
1424 4253 1708 4372 sollicitabitw.

1963 4540 2068 4688 m,
