4484 5934
560 637 564 644 -
744 583 959 714 rtatt
1108 613 1112 618 ·
1201 512 1204 518 ’

172 849 305 944 liciata·
336 850 538 968 Qradrnp.
565 871 628 966 p.
667 861 740 941 18.
791 847 1074 961 diligmtiffimi'
1112 846 1204 940 allas
1242 859 1398 941 natirrae
1416 849 1487 936 obi

166 983 385 1091 seruatoris,
417 1005 644 1068 memorare
674 980 807 1090 lubet,
837 981 982 1068 collum
1023 981 1282 1094 protensum,
1316 985 1406 1069 licut
1435 981 1493 1066 est

167 1111 209 1206 ia
242 1111 357 1198 icone
382 1102 697 1219 Scmoecnana,
728 1135 805 1222 pro
835 1109 995 1197 naturali
1023 1111 1199 1196 animalis
1220 1111 1409 1224 qualitate
1423 1107 1500 1194 hrt-¹

170 1239 310 1327 mnus.
392 1238 529 1324 Taceo
575 1241 708 1324 icones
756 1231 943 1348 Gesnert',
966 1257 970 1272 ¹
992 1235 1266 1348 Calceolarii,
1310 1239 1492 1348 Boymii,

174 1393 339 1478 quomm
374 1393 524 1452 errores
557 1369 635 1454 i'am
671 1370 720 1452 ab
750 1368 829 1452 aliis
858 1369 1013 1452 indicati
1043 1373 1137 1453 lunt.
1204 1371 1272 1454 Ad
1304 1368 1496 1452 folliculo·

173 1491 263 1580 rum
295 1499 425 1580 icones
455 1495 556 1606 quod
598 1497 768 1604 attinet,
809 1496 934 1579 minus
967 1516 1134 1582 erratum
1166 1497 1250 1606 est,
1291 1499 1380 1608 quia
1420 1493 1502 1604 ipsr
1547 1566 1552 1579 .

173 1621 330 1709 folliculi
362 1625 403 1707 in
433 1625 636 1736 Europam
669 1625 767 1709 haud
786 1621 996 1709 difficulter
1013 1625 1255 1736 transportari
1272 1639 1503 1738 potnerunt·

172 1749 256 1838 Alii
290 1751 514 1854 tennilsrmis
559 1755 642 1862 pilis
682 1754 828 1857 obsiti',
868 1770 933 1837 aut
965 1750 1046 1836 lere
1083 1754 1262 1864 depiles,
1300 1754 1364 1837 alii
1407 1753 1507 1862 pilis·
1571 1794 1591 1812 -’

173 1879 410 1964 eraffioribus
441 1901 483 1966 et
514 1879 753 1990 longioribus
781 1879 894 1984 tetii,
923 1899 1141 1964 cernuntur.
1205 1881 1263 1965 Et
1293 1900 1509 1990 atrumque·
1576 1955 1582 1967 .

174 2008 295 2095 reste.
360 2007 470 2091 Haec
499 2013 649 2090 etenim
680 2007 892 2091 differentia
925 2007 979 2088 est
1007 2009 1110 2089 inter
1123 2001 1310 2093 folliculos'
1331 2007 1511 2092 moschi-·

37 2134 41 2147 '
174 2161 264 2240 cos,
297 2157 354 2218 ex
384 2132 533 2216 'libato
563 2153 606 2216 et
635 2129 739 2217 Sinis
754 2132 1045 2242 prouenientes‚
1075 2151 1119 2216 et
1150 2134 1262 2242 illos,
1290 2118 1412 2246 quiin
1441 2133 1510 2220 'se

175 2265 271 2351 birir
302 2261 513 2348 nascunntr.
566 2259 652 2346 Hac
669 2259 856 2370 dignosci·
873 2257 1057 2372 poliunt,
1096 2259 1219 2345 etiam
1251 2264 1384 2374 absque
1415 2277 1504 2350 ten·

177 2390 405 2501 teminibnt,
432 2389 595 2477 odorem
626 2387 717 2502 plus
743 2391 870 2476 minut
900 2385 1131 2500 fiagrantem
1173 2389 1447 2478 indicantibus.

653 2599 895 2688 ·V.

181 2791 624 2937 obstinationes
674 2801 960 2970 quaedam
1050 2802 1218 2929 nidos
1281 2830 1346 2932 et
1397 2809 1515 2931 oua‘

505 2982 699 3102 auium
741 2996 1174 3102 concernentes.

219 3146 485 3274 Auctore
559 3147 696 3274 Gen.
729 3153 818 3275 W
815 3145 907 3274 ilh.
944 3145 1165 3276 Steller.
1215 3193 1275 3318 p.
1330 3187 1459 3310 arn·

181 3417 261 3656 Si
290 3429 384 3538 pon
412 3416 557 3538 liffephi
585 3415 782 3538 Prosperir
817 3417 991 3512 Zinattni
1022 3421 1197 3512 Comitis
1237 3425 1288 3511 de
1337 3426 1425 3512 onis
1471 3436 1522 3510 ct·

280 3557 382 3642 nidis
411 3558 542 3640 auium
569 3554 950 3641 commentationem
985 3554 1161 3639 Veneriis
1194 3573 1328 3658 1737.
1365 3555 1518 3638 editam

177 3695 280 3780 haec
314 3688 357 3772 b.
390 3680 545 3771 Stellerr‘
582 3680 702 3764 riustri
733 3681 913 3766 tractatio
943 3683 1126 3794 cuiquam
1157 3682 1352 3767 ridebitur
1390 3679 1520 3793 super-⁴

177 3822 289 3912 flua:
333 3812 562 3924 apologiam
605 3808 759 3920 quidem
792 3810 1005 3920 plenariam
1047 3835 1129 3922 pro
1159 3834 1205 3894 et
1242 3809 1375 3895 afferre
1414 3829 1523 3894 nunc·

178 3959 268 4036 rlon
301 3939 514 4054 pollumns,
548 3937 732 4048 quoniam
762 3936 904 4022 libmm
935 3936 1226 4026 Zinannianum
1261 3938 1353 4052 ipfis
1384 3937 1527 4022 ridere·

177 4080 297 4168 nobis
328 4053 505 4182 nondum
535 4065 655 4150 licuit.
721 4067 778 4150 At
816 4067 925 4151 certo
955 4067 1128 4175 conscii,
1165 4063 1393 4173 Stellerttrn,
1424 4063 1528 4152 dum‘·

178 4207 285 4296 llaec
306 4193 502 4302 scriberet,
534 4197 701 4280 omnino
717 4193 862 4280 nullam
880 4193 1047 4282 auctoris
1074 4195 1165 4282 ltali
1183 4197 1330 4308 eiusque
1346 4195 1523 4280 obserua-

178 4339 346 4422 tionum
381 4324 563 4412 notitiam
602 4323 800 4438 habuilie3
837 4343 884 4408 rr
914 4329 979 4437 qui
1010 4327 1051 4409 in
1081 4349 1167 4411 vno
1207 4327 1345 4411 mundi
1380 4319 1527 4435 angulo

177 4463 361 4578 scripsit,
397 4455 509 4569 paulo
560 4452 648 4564 poll
689 4479 804 4565 quam
836 4449 1010 4541 Zinanm'
1050 4456 1148 4540 liber
1185 4453 1227 4539 in
1264 4453 1389 4539 altero
1426 4465 1528 4563 proi

177 4593 264 4688 &lt
272 4621 292 4686 t
330 4585 559 4678 confitente
590 4581 675 4674 fort
700 4639 721 4700 ,·
757 4602 802 4688 rt
839 4583 1029 4702 aequioris
1066 4583 1197 4678 iuditii
1241 4583 1317 4674 riri
1355 4579 1529 4722 diliana-¹

1376 4723 1533 4794 nonem
