4484 5934
707 491 863 626 aer
1138 469 1625 601 alacritato

673 789 678 794 -
748 725 894 842 rioris,
922 723 1028 842 quod
1057 719 1303 834 processum,
1325 735 1486 810 antrum
1519 706 1744 828 Hyghmori
1769 712 2039 830 ,condentem

658 905 662 912 ·
698 927 701 932 .
750 857 983 962 constituit,
1021 849 1211 960 originem
1225 943 1229 958 ,
1245 849 1423 950 sumens,
1455 869 1641 950 carneus,
1672 844 1825 954 oblique
1857 871 2038 936 corneam

749 988 878 1098 uersus
910 982 1106 1088 ascendit,
1136 999 1179 1067 et
1210 978 1370 1064 anterius
1398 976 1445 1073 ad
1487 973 1705 1084 marginem
1754 973 1833 1068 eius
1879 977 2042 1060 carnoso

743 1111 829 1228 ¹sane
861 1111 1042 1195 inseritur.
1107 1109 1261 1218 Praeter
1294 1107 1396 1190 bunc
1427 1105 1637 1192 musculum
1672 1099 1767 1186 οξτο
1797 1105 1924 1194 adhuc
1941 1103 2050 1212 sunt,

726 1266 774 1337 „e
805 1241 922 1324 fundo
949 1238 1096 1322 orbitae
1128 1237 1259 1339 enati,
1306 1227 1467 1345 quorum
1499 1224 1663 1346 quinqrie
1696 1232 1846 1341 priores
1883 1233 2043 1342 globum
2189 1335 2190 1344 Ν

518 1428 523 1438 1
667 1374 669 1377 ’
749 1369 852 1452 oculi
891 1368 1059 1476 undique
1098 1366 1295 1474 cingunt,
1331 1385 1456 1472 atque
1505 1368 1545 1450 in
1592 1361 1762 1444 tunicam
1801 1362 2044 1482 albugineam

748 1475 957 1612 desinunt,
986 1517 1065 1608 tres
1093 1493 1225 1600 reliqui
1256 1490 1321 1576 sub
1350 1489 1424 1574 illis
1455 1489 1656 1596 locantur,
1687 1469 1849 1579 neruum
1865 1493 2043 1598 opticum

751 1626 899 1710 circum
949 1624 1048 1706 circa
1096 1620 1321 1740 cingentes,
1367 1625 1426 1700 et'
1455 1619 1496 1703 in
1544 1616 1661 1700 fundo
1692 1615 1797 1708 bulbi
1839 1619 2045 1705 terminati.

752 1752 939 1857 Eorum,
973 1743 1048 1858 qni
1071 1747 1228 1830 bulbum
1264 1745 1366 1826 oc'uli
1400 1745 1595 1856 cingunt,
1636 1762 1712 1840 tres
1752 1749 1916 1856 anterius
1955 1745 2044 1852 firi,
2190 1773 2191 1778 ‘

750 1903 916 1992 quorum
951 1878 1113 1960 anterior
1146 1871 1365 1958 trochlearis
1395 1873 1480 1979 est,
1510 1892 1549 1956 et
1581 1871 1774 1958 tendinem
1793 1879 1833 1958 in
1858 1898 2043 1966 corneam

672 2078 677 2092 .
747 1987 865 2118 utque
894 2004 1028 2114 mittit.
1060 2000 1252 2086 Trochlea
1284 2023 1398 2112 quam
1432 2000 1552 2086 tendo
1584 1998 1693 2084 huius
1710 2003 1863 2088 muiculi
1890 2002 2044 2109 tranfit,

749 2134 1151 2248 parallelogrammum
1187 2126 1326 2235 reserr,
1360 2130 1399 2212 in
1432 2128 1598 2213 breuiori
1628 2127 1745 2212 latere
1778 2130 1966 2242 utrinque
2004 2132 2042 2216 in

749 2262 900 2348 lunulae
926 2260 1100 2374 ¹sormam
1136 2256 1338 2340 exciffum.
1370 2253 1465 2342 Duo
1495 2279 1594 2340 vero
1625 2255 1809 2366 posterius
1828 2260 2042 2368 locantur,

750 2407 823 2474 nec
856 2389 1028 2472 tendines
1057 2383 1137 2468 snos
1168 2403 1250 2470 tam
1284 2385 1358 2472 alte
1392 2388 1581 2492 mittunt,
1611 2389 1667 2469 vri
1693 2385 1921 2470 trochlearir.

897 2513 947 2600 In
978 2513 1146 2626 partibus
1172 2511 1426 2621 genitalibus,
1465 2513 1641 2623 quicquid
1680 2513 1891 2600 discernere
1931 2512 2041 2624 potui

750 2625 893 2754 ligone
925 2640 1129 2746 adiellae,
1163 2642 1316 2750 optime
1333 2641 1380 2722 ad
1398 2643 1534 2724 riuum
1551 2635 1750 2752 expreffae
1770 2707 1782 2750 ,
1815 2641 2038 2726 monstrant.

749 2769 1136 2880 Masculinae'partes
1168 2766 1269 2852 mibi
1300 2767 1478 2852 videntur
1508 2787 1587 2853 tam
1630 2771 1865 2880 peculiares,
1917 2791 1964 2854 ut
1991 2769 2038 2856 ad

746 2891 912 2982 omnem
945 2920 1082 2982 eorum
1114 2913 1341 3006 apparatum
1370 2895 1630 2980 euoluendum
1666 2897 1782 2982 malta
1803 2897 1903 2984 mihi
1920 2921 2038 3009 opera

744 3047 845 3136 opus
872 3019 951 3108 effe
980 3022 1183 3128 rideatur,
1215 3045 1302 3138 nec,
1342 3019 1494 3126 breor,
1528 3023 1610 3124 mei
1643 3027 1682 3110 in
1716 3025 1871 3110 strando
1902 3028 2037 3136 exigui

689 3259 696 3266 ⁶
742 3150 940 3266 profereus
970 3149 1056 3234 huic
1088 3150 1252 3258 eleganti
1284 3171 1436 3236 naturae
1467 3147 1635 3234 artificio
1653 3154 1810 3264 penitius
1826 3135 2039 3254 euoluendo

743 3303 856 3392 parer
886 3281 1046 3364 frenent.
1111 3276 1196 3362 Diu
1224 3275 1421 3388 quaesiui,
1454 3278 1579 3362 donec
1611 3279 1731 3390 ipsum
1750 3283 1871 3390 ,penis
1901 3305 2039 3392 corpus

743 3409 903 3518 reperi,
931 3406 1034 3491 adeo
1066 3405 1214 3490 solicite
1245 3405 1486 3492 reconditum
1525 3404 1592 3490 est.
1630 3406 1817 3509 Vretlnae
1856 3409 2040 3515 hiatum,

744 3530 824 3648 (β)
858 3538 914 3620 vti
946 3535 1054 3645 supra
1096 3533 1219 3638 dixi,
1261 3533 1299 3614 in
1333 3535 1500 3638 balano,
1541 3537 1680 3619 tumori
1719 3555 1910 3642 accreto,
1952 3557 2039 3627 ante

741 3660 953 3746 seilionem
970 3662 1268 3754 administratam
1290 3721 1302 3761 ‚
1337 3661 1517 3746 facillime
1537 3664 1618 3747 vidi
1634 3727 1647 3769 ,
1666 3662 1797 3762 ¹letam
1823 3667 1945 3748 etiarn
1971 3686 2038 3774 per

649 3857 659 3879 .
708 3814 839 3877 ‚eum
870 3790 917 3874 td
948 3783 1019 3903 (e)
1051 3815 1166 3900 reque
1198 3789 1393 3873 intrudere
1423 3790 1545 3901 potui.
1598 3793 1689 3878 Vidi
1708 3792 1836 3890 ¹etiarn
1867 3792 2036 3880 reseram

744 3917 993 4019 minanam,
1034 3907 1121 4031 (C)
1160 3917 1250 4026 quin
1290 3939 1344 4000 ex
1387 3915 1448 4002 illa
1487 3916 1662 4028 spirirum
1701 3923 1747 4005 ad
1795 3919 1925 4004 locum
1966 3915 2043 4036 (s)

741 4069 862 4158 rsque
891 4038 1073 4132 facillima
1107 4070 1228 4156 opera
1257 4044 1471 4130 immittere
1502 4047 1628 4155 potui.
1663 4047 1774 4130 Vltra
1803 4071 1900 4132 uero
1942 4048 2039 4136 deb.

739 4193 853 4288 gnata
869 4173 957 4258 loca
976 4199 1048 4260 nec
1073 4174 1215 4280 flatus,
1249 4173 1442 4282 necleta,
1474 4173 1690 4274 transrbant.
1726 4173 1921 4281 Lorium,
1950 4197 2040 4286 qno

741 4301 866 4388 reseca
898 4301 1013 4412 plena
1043 4321 1161 4422 erat,
1192 4299 1402 4388 Moschum
1437 4301 1919 4411 redolens‚r1rralocurn
1940 4327 2046 4390 eun·

742 4417 838 4517 dem
867 4425 967 4550 (s),
1001 4432 1094 4522 licet
1124 4429 1319 4522 summam
1352 4432 1438 4522 rim
1470 4429 1742 4546 adhibuero,
1771 4432 1922 4558 adigere
1940 4455 2044 4530 ,um

1921 4557 2041 4648 rure.-
