4484 5934
1308 510 1498 633 >leel

726 787 880 858 rantum
910 783 1091 882 tempus,
1120 789 1304 884 quantum
1335 771 1383 857 ad
1415 766 1691 856 obseruationes
1720 765 1808 852 illas
1835 773 2057 891 requiritur,

724 900 770 982 in
803 897 1067 984 Kamtschutlra
1099 900 1224 986 sedern
1258 897 1377 1008 figere
1410 923 1487 982 non
1519 899 1679 985 dubiret.
1713 897 1830 1013 Quod
1867 901 1935 988 nisu
1972 907 2056 994 fua-

726 1029 816 1136 rit‚
853 1028 1138 1114 obseruationes
1170 1030 1288 1112 etiam
1331 1053 1384 1110 ex
1422 1051 1500 1110 vna
1532 1045 1640 1136 parte
1678 1025 1881 1123 Londini,
1921 1037 2056 1120 autin

717 1157 877 1266 ,³ipecula
907 1157 1181 1241 Astrouomica
1214 1149 1488 1257 Grenuiceufi,
1519 1179 1572 1240 err
1600 1154 1717 1240 altera
1749 1154 1790 1237 iu
1821 1155 1917 1240 urbe
1947 1159 2055 1250 Ner·

718 1283 925 1392 uschiusk,
966 1300 1010 1366 ut
1046 1303 1142 1392 pote
1172 1283 1397 1390 agricultura
1447 1304 1489 1367 et
1534 1305 1577 1366 re
1624 1282 1800 1393 pecuaria
1849 1284 2051 1400 pollente,

726 1411 872 1506 institui
904 1428 1119 1524 poteruut3
1153 1413 1241 1522 quia
1281 1408 1377 1496 hauc
1408 1409 1486 1495 duo
1516 1409 1601 1494 loca
1635 1415 1779 1520 pariter
1809 1407 1874 1494 sub
1907 1417 2052 1502 eodem

724 1537 810 1624 sere
869 1539 1052 1650 parallelo
1101 1541 1262 1644 urent,
1311 1555 1352 1622 et
1403 1562 1481 1622 non
1532 1538 1662 1622 multo
1712 1537 1858 1622 minori
1902 1540 2053 1652 spatio,

723 1693 844 1779 ‘quam
877 1665 1200 1752 Kamtlchatkaa
1249 1665 1482 1776 Petropoli,
1541 1675 1572 1751 a*
1610 1669 1647 1748 le
1696 1666 1859 1748 inuicem
1904 1670 2053 1766 dillaut.

728 1792 822 1878 Imo
850 1796 939 1904 iper
968 1795 1022 1878 eli
1056 1793 1319 1879 Aliaouomos
1351 1790 1574 1882 acarnanas
1606 1817 1657 1876 ex
1696 1791 1840 1878 lesuitis
1858 1857 1870 1900 ‚
1887 1793 1952 1880 sub
1982 1822 2050 1887 eo·

725 1921 819 2006 dem
849 1923 927 2006 lire
958 1921 1174 2008 meridiano
1199 1920 1412 2024 cumube
1431 1917 1930 2028 Nertsclriuslrrollocatos,
1952 1949 2054 2035 ope-

724 2073 810 2134 ram
843 2053 946 2138 suam
979 2047 1070 2133 huic
1098 2053 1189 2152 rei,
1220 2048 1248 2134 sr
1281 2036 1552 2157 rogabuntur,
1581 2048 1754 2134 addicere
1793 2073 1875 2132 non
1925 2052 2053 2138 detre-

724 2175 893 2261 dluturoa
924 2178 1011 2263 ulie.
1078 2176 1151 2262 ldie
1197 2173 1515 2284 difficultatibus,
1574 2199 1673 2287 quae
1718 2201 1802 2260 aon
1833 2178 1901 2264 uifi
1925 2201 2053 2270 exter·

725 2328 801 2387 nae
831 2322 872 2390 et
903 2303 1154 2389 accidentales
1184 2305 1296 2410 suut,
1323 2303 1542 2412 ueglediis,
1572 2303 1779 2393 methodio
1807 2329 1832 2388 a
1865 2301 1942 2404 Cr„
1966 2313 2051 2396 Au·

606 2521 610 2528 ,
711 2431 837 2515 iloto
868 2433 1005 2518 tradita
1047 2433 1242 2542 ingeniou
1269 2432 1389 2517 uulda
1426 2431 1512 2540 eli,
1551 2449 1590 2514 et
1614 2457 1697 2543 pro
1725 2433 1910 2520 Parallaxi
1950 2438 2053 2522 alio-

717 2583 809 2644 rum
842 2585 993 2670 quoque
1025 2559 1264 2646 Plauetaurm
1300 2558 1527 2650 obumanda
1555 2559 1691 2671 rrius,
1729 2561 1820 2652 licut
1857 2561 1925 2650 sub
1964 2565 2053 2656 cal·

449 2703 455 2712 ·
602 2681 606 2687 ’
713 2709 813 2773 'rem
845 2687 1110 2776 dissertationis
1140 2686 1367 2778 ostenditur.

1351 2863 1412 2956 11.

788 3082 1126 3209 Obseruatio
1177 3087 1382 3209 insoliti
1444 3085 1667 3210 luminis
1726 3087 1984 3217 australis

1102 3257 1274 3380 Petro
1277 3261 1395 3421 poli
1436 3255 1645 3382 habita.

806 3422 1066 3550 Audiore
1098 3430 1180 3552 A.
1225 3301 1314 3557 Np
1342 3427 1644 3593 Grischow
1689 3468 1749 3596 p-
1793 3459 1881 3592 47
1887 3465 1949 3591 4·

861 3748 1005 3837 lumine
1035 3751 1178 3840 boreali
1209 3759 1330 3842 radios
1360 3760 1583 3871 quandoque
1610 3758 1708 3847 ultra
1743 3757 1930 3844 uerticem
1965 3755 2040 3846 iro-

861 3880 1017 3964 rizontis
1049 3884 1222 3970 austrum
1248 3883 1372 3971 versus
1404 3891 1580 4001 porrigi,
1612 3886 1737 4001 plures
1768 3888 1817 3973 de
1846 3885 1923 3970 hoc
1955 3911 2043 3971 me-

719 4016 837 4089 teoro
880 4007 1163 4096 obstmatiouer
1209 4013 1423 4126 loquuntur
1490 4019 1565 4103 Ast
1613 4015 1724 4102 huius
1769 4039 1793 4098 a
1847 4009 1910 4098 Cl.
1943 4013 2043 4103 cri·

702 4122 856 4235 schouio
889 4134 1070 4222 obseruari
1100 4139 1256 4226 luminis
1296 4142 1457 4227 australis
1493 4144 1565 4229 alia
1595 4147 1694 4230 ratio
1742 4141 1810 4228 eil.
1875 4141 2013 4229 Hoc
1997 4165 2042 4229 ru

714 4257 799 4366 ipso
832 4261 1035 4348 horizonte
1065 4293 1134 4376 per
1181 4269 1270 4372 duas
1301 4271 1468 4382 vesperas
1515 4271 1727 4358 immotum
1778 4269 1909 4379 stetit,
1958 4269 2038 4356 fine

717 4381 794 4470 ullr
823 4387 963 4500 figurae
993 4397 1238 4544 variatione,
1280 4402 1474 4510 tandem,
1513 4399 1700 4489 nubecula
1730 4397 1991 4611 εἱιιέὶιυιι(113
1975 4421 2037 4483 rr·

1963 4523 2037 4614 do·
