4484 5934
747 468 951 595 utras

204 732 408 838 Caelanus,
442 759 519 849 qm
545 756 681 820 omnes
712 732 988 818 obseruationes
1017 732 1093 820 suas
1124 738 1173 821 ad
1189 737 1394 857 Historiam
1423 745 1516 836 Na:

56 947 57 956 ,
200 866 358 954 ntalem
391 865 631 978 spectantes,
666 891 755 949 cum
788 861 998 948 nouissimis
1028 868 1273 978 scriptoribus
1318 877 1515 986 collatas,

201 1013 244 1078 ct
271 997 370 1080 iulio
399 996 532 1080 ordine
582 993 807 1104 dispositaS,
858 990 1076 1101 singillatim
1120 997 1234 1082 cdere
1265 1025 1338 1110 per
1390 1025 1518 1115 partea
1642 1079 1646 1086 .

198 1122 346 1233 posset,
378 1123 512 1208 eadem
543 1126 713 1230 ratione,
744 1139 788 1204 ut
805 1119 959 1206 Floram
976 1121 1178 1208 Sibiricam
1208 1127 1320 1211 edere
1352 1131 1514 1242 incepit.
1614 1171 1618 1176 ·

198 1251 543 1364 Quemadmodum
579 1271 710 1335 autem
741 1272 812 1333 nec
842 1245 938 1334 hanc
979 1252 1080 1334 vltra
1110 1255 1269 1340 tertium
1303 1257 1513 1370 Tomum,

197 1403 323 1488 pauco
354 1402 444 1463 aute
486 1380 641 1488 obitum
683 1398 895 1486 tempore,
926 1379 1144 1487 produxit:
1191 1385 1246 1466 ita
1279 1385 1378 1474 nihil
1429 1389 1510 1493 est,

193 1509 296 1614 quod
327 1511 373 1592 de
406 1509 559 1618 reliquis
590 1510 670 1590 eius
710 1505 908 1614 operibus,
960 1507 1028 1592 nist
1062 1508 1146 1614 ita,
1184 1530 1231 1593 vt
1276 1511 1356 1596 iam
1400 1539 1515 1624 agere

195 1635 420 1744 incipimus,
450 1635 657 1746 speremus.
726 1633 903 1716 Putamus
920 1659 1102 1745 quoque,
1132 1635 1321 1722 leliorem
1357 1643 1399 1725 in
1432 1643 1510 1746 his,

190 1785 283 1869 quas
329 1787 431 1844 nunc
485 1765 657 1869 publicae
706 1761 782 1843 luci
830 1762 1002 1868 damin,
1034 1764 1377 1850 obseruationibus
1427 1795 1511 1857 nou

191 1889 317 1972 muita
349 1889 641 1972 desideraturum
674 1888 785 1990 else,
819 1887 847 1969 si
877 1887 1128 1970 collationem
1162 1919 1251 1976 cum
1289 1897 1511 1982 recentiori·

195 2013 260 2096 bus
290 2014 482 2097 Historiae
515 2016 687 2094 naturaris
718 2007 973 2118 Scriptoribus
1004 2015 1211 2125 excipias,
1251 2045 1368 2126 mum
1401 2023 1512 2112 sacile

187 2139 345 2255 quisque
381 2141 448 2224 suo
481 2161 604 2222 marte
644 2135 845 2248 supplebit.

340 2407 442 2496 Mur
472 2408 718 2518 Aquatr'cas,
752 2408 800 2490 de
830 2429 908 2518 quo
936 2401 1006 2490 bic
1038 2407 1194 2518 agitur,
1240 2407 1397 2500 Ruffiae
1443 2408 1511 2500 inl

188 2528 331 2644 digena
362 2537 443 2644 eil,
483 2535 636 2644 Volgae
677 2556 717 2619 et
748 2533 994 2644 laicofluuiis
1024 2535 1232 2620 familiaris.
1291 2534 1343 2623 Iu
1368 2538 1511 2629 Sibiria

194 2665 367 2772 nusquam
407 2663 563 2747 habitat.
632 2663 862 2774 Opportune
892 2663 1017 2770 itaque
1045 2647 1258 2771 Gmalraas,
1285 2667 1329 2748 in
1369 2668 1511 2752 itinere

182 2787 351 2877 Sibirico
380 2787 515 2875 Casani
548 2789 719 2902 aliquam
754 2793 908 2873 moram
960 2785 1133 2892 faciens,
1178 2789 1385 2876 occasione
1430 2795 1509 2880 libi
1604 2827 1609 2832 ·

186 2917 343 3026 oblata,
385 2920 564 3026 animal,
597 2937 641 3001 ut
673 2921 722 3002 ab
752 2915 975 3002 hominibus
1007 2917 1216 3028 piscaturae
1249 2919 1405 3002 intentis
1449 2944 1510 3006 ‚cx

185 3045 309 3131 fluuio
342 3047 556 3132 carradium
591 3066 693 3152 erat,
725 3045 914 3148 uidendi,
945 3041 1030 3126 usus
1058 3045 1147 3150 esi,
1181 3047 1278 3129 dum
1309 3046 1410 3130 illius
1426 3073 1509 3135 non

182 3193 387 3259 externam
423 3195 577 3260 tantum
629 3173 798 3256 sormam
849 3169 1068 3278 descripsit,
1108 3170 1176 3254 ¹sed
1206 3191 1246 3254 et
1266 3191 1398 3283 partes
1421 3177 1511 3261 -eiue

182 3303 394 3410 genitales,
438 3322 573 3388 ortum
605 3301 734 3382 odoris
761 3295 992 3399 Moschici,
1044 3322 1123 3406 quo
1152 3298 1299 3381 animal
1350 3301 1507 3412 pollet,

180 3427 432 3538 inuestigandi
465 3427 627 3535 gratia,
658 3423 788 3506 cultro
836 3422 1059 3504 anatomico
1092 3421 1259 3505 subiecit.
1317 3425 1431 3538 Quid
1458 3429 1506 3516 ,iu

178 3553 258 3638 hoc
290 3556 454 3664 negotio
487 3550 740 3660 praestiterit,
791 3547 1001 3656 praeconio
1044 3547 1177 3629 nostro
1208 3574 1289 3631 non
1341 3555 1503 3660 indiget.

173 3683 292 3765 Aiias
322 3680 606 3764 obseruationes
635 3677 798 3761 adiicere
824 3674 978 3756 ,animus
1009 3671 1090 3776 est,
1122 3697 1216 3785 quae
1256 3676 1503 3790 descriptioni

171 3805 447 3897 Gmesiat'aaae
471 3806 587 3894 instar
613 3802 871 3916 supplementi
896 3796 1119 3884 inseruimt.

324 4071 457 4160 Recte
490 4069 677 4156 Audaces
700 4063 895 4150 Historiae
912 4057 1114 4150 Naturalia
1147 4061 1368 4174 nouissimi,
1401 4069 1504 4156 Ila·
1521 4061 1540 4094 '

163 4225 297 4286 naeus
329 4219 369 4284 et
402 4199 604 4304 lsleialus,
631 4197 706 4280 uiri
735 4190 1001 4294 celeberrimi,
1029 4208 1070 4271 ct
1085 4188 1233 4272 nostrae
1266 4193 1504 4282 Academiae

169 4325 290 4414 Socii
308 4327 537 4439 dignissimi,
567 4313 710 4408 Muris
738 4319 1059 4434 aquaticicaatr‘ci
1076 4339 1245 4436 nomen,
1262 4343 1341 4429 quo
1353 4316 1503 4438 Clusina

163 4471 223 4542 α
253 4456 381 4549 Ruina
412 4455 468 4548 ab
495 4455 613 4566 sunt,
637 4449 943 4568 repudiauerunt.
998 4441 1160 4540 Scilicet
1181 4442 1266 4543 boc
1293 4446 1370 4533 illia
1385 4471 1503 4538 :rem-

813 4581 903 4716 sae
1337 4580 1503 4695 parda
