4484 5934
341 525 450 624 ‘ru
499 453 875 620 corrosa
922 521 1310 620 annuant.
1402 531 1493 636 aaa

195 791 335 884 corpus
368 769 578 882 producere
608 768 657 852 ad
690 763 1022 878 longaenitatern3
1054 770 1140 854 imo
1171 793 1280 854 uero.
1295 771 1337 854 in
1362 771 1496 884 ungu*

195 903 242 986 lis
275 903 481 1012 peculiaria
499 917 583 1004 ‚et
614 900 654 981 in
686 898 767 980 aliis
795 899 908 1007 plane
939 898 1103 1005 partibus
1134 921 1317 1006 peragere
1356 927 1495 1012 oppo-

196 1031 261 1115 lira
292 1052 375 1114 vno
405 1025 811 1136 eodemque-auxilio.
876 1023 1049 1132 Tutior,
1082 1025 1113 1108 sr
1147 1026 1240 1132 quid
1276 1032 1494 1134 agendum,

196 1181 258 1241 ars
288 1155 486 1261 Medeae,
518 1153 648 1238 bbulis
680 1153 871 1264 implicita
907 1220 920 1262 ,
969 1174 1038 1267 per
1074 1151 1246 1238 fomenta
1280 1141 1325 1236 'et
1360 1156 1493 1263 tepida

195 1281 358 1392 balnea,
390 1283 516 1392 rigido
543 1299 582 1366 et
613 1279 775 1366 exsrrcco
801 1283 982 1393 decrepiti
1014 1282 1179 1366 Aesonis
1208 1284 1366 1391 corpori
1406 1281 1495 1366 red·-

194 1413 254 1496 dit
302 1415 471 1522 priscum
510 1412 711 1494 iuuentutis
748 1411 911 1494 floridae
953 1412 1160 1522 specimen.
1224 1409 1314 1492 lloc
1347 1411 1494 1518 docet,

193 1559 308 1624 certo
338 1543 430 1624 nixa
462 1538 745 1639 fundamento,
775 1561 865 1620 cura
899 1540 1011 1621 toties
1045 1535 1285 1647 sapientibus
1322 1537 1502 1622 adhibita

192 1663 236 1752 in
284 1665 458 1752 uasorum
514 1684 554 1746 et
600 1670 797 1748 uiscerum
839 1667 985 1750 morbis
1030 1685 1143 1776 atque
1193 1683 1337 1748 anuum
1397 1689 1495 1750 con-

191 1795 394 1904 arctans,
444 1817 467 1876 a
516 1792 636 1875 nimis
682 1810 845 1900 praeter·
882 1813 1057 1879 intutam
1110 1792 1281 1876 indurata
1330 1812 1374 1875 et
1401 1793 1496 1903 rigi.

192 1924 244 2033 da
273 1923 370 2008 libra
400 1919 709 2029 dependentibus.
740 1918 817 2002 Sed
848 1937 890 2000 et
906 1923 946 2004 in
964 1921 1136 2033 partibus
1162 1921 1387 2006 animalibus
1404 1945 1489 2006 ana·
1618 1938 1622 1952 ·

190 2048 292 2160 logis
322 2048 487 2133 extenlis
518 2048 617 2131 rnlra
648 2047 703 2129 est
730 2049 947 2160 proprietas
992 2071 1033 2134 et
1083 2049 1260 2132 conditio
1300 2049 1492 2158 ungulatis

192 2180 317 2265 semet
348 2174 442 2288 ipsas
470 2172 749 2277 contrahendi,
781 2178 952 2286 adeoque
983 2177 1210 2287 primordia·¹
1227 2174 1491 2260 constituentia

189 2308 310 2391 solda
338 2305 386 2390 ad
415 2301 450 2386 se
482 2304 647 2386 inuicem
681 2303 891 2412 adigendl,
931 2324 1043 2416 atque
1082 2304 1225 2386 drrdlile
1266 2303 1493 2388 extensum-³

189 2460 268 2545 que
301 2433 430 2543 gluten
459 2433 600 2517 iterum
632 2431 924 2541 compingendi.
988 2429 1035 2514 ln
1068 2431 1283 2516 uentriculo
1314 2451 1355 2515 et
1387 2434 1487 2515 inte·

187 2563 330 2668 stiriis,
362 2561 529 2672 quotidie
561 2560 815 2643 diuersrmode
847 2558 1012 2644 extensis
1040 2578 1080 2644 et
1109 2554 1353 2664 contradis,
1394 2581 1488 2644 mo·
1596 2587 1598 2592 ·

188 2709 255 2774 tus
283 2690 526 2800 perillalticns
557 2690 662 2798 uiget
711 2703 753 2770 et
797 2707 992 2799 perennat.
1074 2689 1213 2772 Vterus
1262 2713 1284 2770 a
1342 2685 1487 2772 tantilla

186 2819 303 2902 mole
320 2819 359 2898 in
379 2820 575 2924 ingentem
601 2815 764 2899 eandem
784 2834 964 2922 tempore
990 2815 1224 2925 grauiditatis
1239 2810 1487 2919 excrescens,

186 2947 297 3032 breui
327 2944 415 3054 post
443 2963 590 3049 parrum
641 2941 788 3024 dierum
835 2943 1035 3026 interuallo
1074 2946 1123 3025 ad
1157 2941 1360 3051 pristinum
1409 2941 1483 3026 lla-

185 3091 275 3156 tnm
309 3073 420 3154 redit.
453 3058 560 3156 llaec
579 3091 639 3150 res
666 3071 792 3173 mira,
823 3070 881 3152 uti
896 3070 1121 3153 admiranda
1146 3091 1273 3152 reuera
1290 3070 1375 3175 est,
1406 3091 1485 3152 ex·

187 3199 365 3287 tollitur!
395 3198 455 3283 sed
488 3221 569 3280 nou
597 3196 745 3302 rideo,
774 3197 876 3306 quod
909 3197 1038 3280 minus
1071 3197 1253 3306 stupenda
1272 3196 1347 3303 srt,
1377 3198 1485 3302 curtis,

185 3328 463 3439 pinguedinis,
494 3321 751 3408 musculorum
783 3325 1111 3431 abdominalium‚
1141 3323 1359 3434 horumque
1384 3349 1482 3437 apo·

185 3456 437 3559 neutonam,
469 3450 528 3532 sed
546 3439 724 3561 inprimis
740 3449 941 3536 tenuilsrmi
970 3453 1209 3564 peritonaei,
1245 3451 1481 3560 singulorum

185 3584 296 3695 prius
311 3578 548 3664 extensurum
570 3647 581 3686 ,
604 3579 728 3661 ualida
755 3597 793 3660 et
816 3583 980 3690 repetita
996 3581 1214 3664 contradito
1239 3581 1279 3662 in
1306 3578 1503 3666 foeminis·

187 3714 310 3796 toties
336 3707 634 3820 parturientibus.
669 3700 785 3788 Certe
811 3707 839 3790 sr
864 3710 958 3792 cutis
983 3725 1022 3791 et
1049 3709 1206 3792 musculi
1226 3710 1265 3790 in
1283 3709 1352 3794 alia
1372 3711 1483 3818 plaga

185 3839 397 3949 corporis,
447 3835 475 3919 fi
505 3830 752 3918 membranae
786 3835 1007 3943 peritonaeo
1036 3837 1165 3920 similis
1197 3835 1313 3919 fibrae
1343 3836 1482 3924 consti·

183 3988 350 4080 tuentes·
373 3969 424 4048 ita
454 3962 725 4073 elongarentur
756 3981 796 4045 et
828 3989 849 4047 a
888 3965 925 4049 se
965 3965 1144 4049 inuicem·
1175 3965 1481 4073 abducerentur,

186 4096 263 4179 uix
296 4093 574 4178 restituerentur
605 4115 810 4201 unquam,
851 4091 911 4177 sed
932 4113 1140 4178 manerent
1176 4094 1302 4200 potius
1333 4095 1491 4204 paraty«
1561 4123 1564 4130 =

183 4226 305 4310 titre.
335 4221 507 4306 Interim·
532 4223 722 4306 miramur
751 4221 904 4332 tnagis,
932 4224 1034 4331 quod
1067 4224 1124 4305 uis
1155 4221 1248 4304 haec
1281 4220 1499 4329 peculiaris·

184 4349 420 4437 contrahens
440 4348 605 4432 ,extend
622 4413 652 4456 ,.
694 4366 817 4431 tauto·
852 4349 1016 4434 validior
1057 4350 1097 4432 in
1139 4373 1304 4460 corpore
1339 4349 1482 4434 uenia

181 4480 291 4565 nino
323 4479 525 4582 obtineat,
558 4503 670 4588 quarn
703 4477 745 4560 in
778 4476 987 4564 masculino
1025 4475 1053 4587 ‚'
1076 4504 1166 4567 curn
1200 4499 1330 4564 umen
1365 4480 1482 4585 longe

257 4601 735 4733 Tom.'lV.Nou.·Coru.
799 4697 806 4723 g
923 4608 1048 4731 Aua
1093 4713 1110 4734 Α
1138 4719 1171 4734 .„
1325 4603 1479 4730 molino
