4484 5934
766 503 956 630 ll29l

203 769 394 880 meam,
425 767 552 856 earn
579 769 733 885 quinem
766 769 1011 880 incalescere,
1043 769 1106 857 aa
1139 717 1293 882 peram
1322 764 1375 860 eo
1413 783 1515 863 nun

201 929 318 1014 quam
355 897 488 1010 posse,
522 918 566 982 ut
595 919 637 982 et
670 900 745 1007 ipsa
777 897 943 982 ebulliat.
979 897 1128 1011 Sponte
1158 903 1193 982 se
1224 900 1289 984 hic
1321 899 1511 992 offerente

202 1029 432 1138 mersione,
464 1027 633 1111 exactius
661 1023 757 1109 hanc
788 1049 872 1110 rem
907 1027 1059 1113 Ardor
1091 1032 1246 1113 rimatus
1276 1024 1359 1140 est,
1399 1052 1510 1139 atque
1604 1060 1608 1071 “

201 1155 376 1260 inuenit,
409 1157 478 1237 nix
513 1177 679 1265 unquam
712 1152 810 1237 ultra
840 1159 999 1263 madum
1038 1177 1125 1258 nos
1163 1153 1356 1240 ascendere
1374 1156 1510 1242 Ther·
1659 1226 1666 1234 .

203 1302 437 1368 monnetrum
468 1275 863 1388 Fahreuheitianum,
896 1281 923 1366 ii
955 1284 1209 1392 immergatur
1239 1305 1386 1394 aquae,
1419 1283 1508 1401 uase

201 1405 429 1514 metallico,
461 1409 566 1517 quod
598 1407 767 1518 undique
799 1406 936 1492 maiori
970 1410 1178 1494 ebullientis
1225 1413 1344 1518 'aquae
1391 1415 1509 1522 copia

199 1533 368 1618 tinctum
401 1533 486 1639 esi,
516 1554 753 1644 contentae;
801 1535 903 1644 quod
937 1551 1067 1621 tamen
1118 1534 1504 1648 Thermometrum,

200 1660 393 1763 ebullienti
423 1685 537 1770 aquae
568 1665 791 1746 immediate
821 1656 1045 1746 immersum
1086 1686 1278 1774 nunquam
1323 1651 1408 1749 'noo
1456 1664 1504 1750 ad

200 1789 357 1895 gradum
401 1812 488 1868 212
539 1788 737 1874 adscendit.
782 1784 973 1896 Sospitati
1022 1789 1105 1900 quis
1153 1790 1307 1898 pollet,
1355 1790 1505 1874 causam

200 1912 306 1999 huius
326 1913 585 2000 Phaenomeni
602 1915 723 1997 latere
738 1911 858 1996 forsan
875 1915 915 1994 in
933 1935 1013 2016 eo,
1037 1916 1139 2022 quod
1163 1931 1256 2025 aqua
1285 1939 1363 2001 non
1379 1937 1505 2024 capax

176 2041 348 2149 -quidem
383 2041 429 2123 snt
459 2040 594 2122 caloris
624 2039 705 2122 eius
743 2065 780 2144 ,·
806 2039 869 2146 qui
913 2059 1000 2119 ara
1035 2039 1169 2147 gradui
1212 2041 1507 2126 Thermometri

201 2165 502 2251 Fahrenheitiani
532 2163 767 2274 respondet,
799 2163 852 2246 ast
882 2163 988 2271 quod
1017 2162 1221 2272 superfluus
1252 2166 1348 2276 ignis
1379 2232 1392 2273 ,
1442 2190 1502 2251 ar·

196 2315 355 2405 gentum
389 2299 552 2394 ninum,
602 2293 703 2402 quod
752 2293 975 2396 maiorem,
1023 2315 1142 2398 quam
1190 2317 1285 2403 aqua
1331 2295 1530 2402 recipere*

199 2419 322 2529 potest
352 2417 547 2522 calorem,
580 2421 726 2527 intret,
754 2434 799 2501 ut
831 2417 888 2502 src'
925 2416 1139 2502 Mercurius
1186 2422 1378 2503 maiorem
1426 2419 1503 2503 ob·

197 2547 319 2630 tinent
348 2571 440 2658 aqua
466 2545 661 2632 ambiente
692 2545 903 2652 calorem,
950 2563 1060 2654 atque
1094 2543 1143 2628 ad
1191 2547 1348 2654 gradum
1406 2568 1498 2626 212

196 2673 390 2756 ascendere
418 2692 587 2783 cogatur.
622 2668 696 2756 Sed
732 2669 860 2754 salsam
888 2665 965 2754 else
997 2669 1095 2754 banc
1127 2669 1358 2782 hypothesin
1375 2671 1499 2756 olien-

194 2800 251 2883 dit
285 2801 462 2906 Audon,
493 2803 767 2909 experimento
798 2821 874 2908 quo
905 2799 1050 2903 dotet,
1080 2797 1212 2883 oleum
1243 2799 1336 2883 loco
1382 2823 1499 2909 aquae

194 2927 270 3010 nab
302 2927 523 3031 metallico,
553 2930 603 3012 ab
631 2923 833 3010 ebulliente
861 2941 954 3034 atqua
985 2925 1258 3032 circumdato,
1307 2924 1501 3035 infusum,

195 3079 407 3163 quanquam
440 3053 576 3137 itidem
612 3053 795 3157 maioris,
828 3075 941 3160 qnam
973 3077 1097 3162 aqua,
1127 3052 1497 3164 caloriscapexiit,

197 3204 385 3291 nunqnam
418 3201 549 3264 tamen
580 3180 683 3264 ultro
734 3171 890 3288 gradum
927 3176 981 3260 a'o
988 3199 1011 3279 5
1066 3180 1293 3262 incalescere.
1359 3178 1500 3289 Nerate

198 3309 289 3389 tatio
321 3309 414 3388 indie
446 3306 608 3414 petenda
640 3305 725 3412 est,
756 3306 857 3413 quod
888 3327 1121 3411 veroquam
1153 3307 1356 3387 continens
1372 3367 1383 3408 ‚
1399 3307 1495 3390 dum

197 3435 459 3543 experimenta
491 3431 585 3512 haec
617 3429 884 3531 instituuntur,
915 3451 994 3510 non
1027 3447 1152 3512 totum
1201 3431 1241 3512 in
1290 3429 1495 3516 ebulliente
1541 3498 1544 3505 .

192 3582 282 3668 aqut
314 3553 543 3642 submersum
579 3553 806 3663 ersesolet,
838 3555 899 3638 sed
932 3555 1056 3660 aliqua
1088 3554 1143 3636 sui
1175 3573 1282 3662 parte
1319 3579 1370 3639 ex
1415 3558 1496 3666 ipra

191 3690 402 3795 prominet.
468 3684 663 3792 Expertus
693 3683 798 3766 enim
831 3681 883 3764 esi
917 3673 1062 3763 Clarias.
1095 3681 1249 3765 Audon
1283 3745 1295 3786 ‚
1347 3681 1495 3768 etiamsi

191 3836 260 3895 uas
291 3814 443 3921 penitus
473 3836 564 3921 aqna
595 3806 794 3893 ebulliente
824 3807 925 3890 rltta
955 3806 1090 3891 horam
1122 3806 1325 3893 obtectum
1353 3807 1494 3916 suerit,

190 3956 410 4022 contentam
445 3938 692 4023 nihilominus
723 3933 808 4020 uase
837 3930 914 4018 boc
946 3959 1110 4052 aquam,
1158 3959 1353 4046 nunquam
1395 3935 1496 4018 elna

188 4069 345 4174 gradum
382 4087 468 4164 205
504 4063 737 4164 incaluisse,
787 4078 832 4144 rt
879 4063 1005 4172 itaque
1054 4061 1359 4146 concludendum
1408 4060 1493 4162 snt,

185 4193 304 4274 latere
337 4194 454 4274 etiam
488 4190 551 4275 hic
581 4192 732 4272 naturae
764 4212 939 4274 arcanum
972 4187 1167 4300 quoddam
1186 4190 1327 4300 ,euius
1345 4187 1493 4274 tanim

183 4320 351 4404 omuino
379 4320 426 4402 ad
458 4317 532 4402 buc
564 4317 800 4428 ignoramus.
1295 4371 1299 4376 -

798 4441 826 4527 d
863 4469 889 4552 3
1409 4441 1488 4556 N²
