4484 5934
757 528 851 632 37⁶
893 517 986 609 nn
1014 505 1911 618 conaremur-somnolenta

754 762 1001 868 animalium,
1035 758 1214 844 deciduae
1244 755 1451 843 redduntur
1482 754 1623 842 telluris
1657 755 1810 868 gremio
1842 748 1950 868 (a).
1984 751 2041 840 ln

755 897 867 975 terim
904 914 984 972 nou
1017 889 1169 996 semper
1197 887 1245 971 ad
1279 890 1483 970 matricem
1524 885 1628 970 suam
1669 885 1857 988 redeunt,
1897 871 2039 994 reliquia

750 1020 977 1129 corporibus
1007 1017 1172 1100 intactis.
1215 1015 1421 1100 Mercurius
1453 1016 1542 1122 igne
1584 1012 1747 1122 srmplici
1781 1012 1980 1116 elebatur,
2008 1029 2044 1096 et

752 1171 824 1259 per
857 1172 986 1229 auram
1019 1144 1202 1252 dispersus
1240 1141 1428 1249 particulis
1461 1139 1704 1224 inullibilibns
1736 1163 1873 1250 corpus
1913 1139 2042 1224 buma-

750 1299 846 1357 num
887 1274 1049 1372 intrat,
1107 1270 1182 1352 hoc
1241 1270 1282 1350 in
1342 1268 1593 1379 ptyalilmum
1641 1271 1821 1375 incitat,
1880 1267 2042 1378 dumque

749 1400 923 1507 rapitur,
964 1398 1014 1480 de
1045 1397 1212 1482 metallis
1249 1396 1369 1480 obuiis
1408 1397 1549 1507 aliquid
1582 1391 1699 1480 aufert
1748 1389 1848 1505 (b).
1885 1393 2046 1505 Vegeta·

751 1526 887 1609 biliam
920 1545 1046 1607 autem
1089 1546 1129 1608 et
1176 1527 1436 1634 quorumdam
1483 1522 1703 1606 animalium
1746 1521 1867 1604 exusti
1907 1525 2048 1607 cineres

751 1656 846 1737 dant
879 1651 1034 1736 Ferrum
1071 1676 1208 1734 verum
1236 1649 1496 1768 conspicuum.
1529 1647 1668 1732 Scribit
1687 1647 1908 1734 lonchimus
1926 1647 2049 1734 Berk-

751 1780 819 1865 ker
852 1783 935 1887 (c),
974 1778 1045 1862 lese
1078 1801 1132 1861 ex
1162 1777 1292 1886 argilla
1327 1778 1472 1887 vulgari
1511 1801 1599 1860 cum
1638 1775 1728 1860 olco
1775 1777 2049 1862 terebinthinae

750 1908 899 1992 subacta
942 1906 1119 2016 globulos
1164 1903 1310 1990 formae
1346 1905 1656 2014 sclopetariorum
1706 1901 1945 2013 confecilse,
1982 1925 2051 2013 et,

751 2036 838 2150 poll
867 2035 999 2121 oleum
1035 2031 1342 2144 Philosophicum
1376 2034 1463 2115 inde
1480 2032 1728 2116 destillatione
1756 2027 1960 2143 ablatum,
1995 2059 2059 2118 re.

753 2165 899 2251 liduum
953 2165 993 2245 in
1044 2159 1177 2270 pollen
1227 2158 1471 2269 impalpabile
1521 2157 1707 2265 triuilie,
1756 2183 1807 2244 ex
1854 2187 1930 2271 quo
1984 2185 2051 2272 pet

754 2288 994 2400 magnetem.
1012 2291 1215 2372 admotum
1251 2287 1406 2396 spirulas
1437 2291 1623 2372 extraxit.
1686 2282 1868 2393 Geofroy
1904 2291 1966 2394 (A)
1998 2313 2051 2374 ex

753 2419 861 2527 nigra
892 2416 996 2500 tiaece
1026 2415 1147 2500 lucida
1180 2415 1255 2498 olei
1290 2415 1430 2498 vitrinli
1462 2433 1501 2498 et
1543 2415 1833 2500 terebenthinae
1862 2418 1981 2500 mixti
2009 2435 2050 2502 et

754 2543 925 2628 destillari
953 2545 1090 2629 eadem
1125 2544 1301 2647 inuenit,
1347 2567 1443 2654 quae
1476 2569 1525 2627 ex
1564 2542 1633 2628 suis
1671 2567 1771 2628 mox
1811 2563 2052 2634 memoratus

754 2667 980 2757 Bekkerus:
1033 2669 1203 2754 affirmat
1237 2671 1405 2778 deinde,
1455 2672 1558 2780 quod
1605 2673 1695 2756 loco
1727 2673 1877 2780 argillae
1929 2675 2052 2785 captis

755 2801 944 2912 cineribus
974 2800 1119 2884 diuerfis
1151 2799 1396 2908 plantarum,
1429 2799 1551 2883 nullos
1577 2797 1715 2883 horum
1736 2799 1953 2909 inuenerit,
1988 2807 2050 2914 qui

756 2949 836 3008 non
868 2927 1049 3010 dedemnt
1085 2928 1257 3035 magneti
1291 2927 1535 3012 adhaerentia
1568 2927 1752 3036 granula,
1785 2954 1879 3038 quae
1913 2954 2054 3024 rerum¹

754 3055 903 3169 ferrum»
920 3048 999 3136 elle
1017 3053 1104 3136 iude
1124 3073 1308 3160 apparent
1327 3120 1340 3160 ,
1373 3057 1475 3163 qnod
1495 3057 1644 3165 speculo
1661 3054 1825 3138 caustico
1841 3057 2050 3168 exposta,

755 3179 926 3294 perfecte
957 3180 1151 3290 patiuntur
1181 3199 1219 3262 et
1252 3182 1341 3264 dunt
1370 3184 1507 3266 omnia
1539 3181 1602 3264 illa
1620 3181 1920 3293 phaenomena,
1954 3213 2052 3297 quae

688 3375 692 3384 .
758 3309 920 3406 exbibet
951 3310 999 3391 de
1033 3310 1183 3391 minera
1215 3305 1275 3391 sua
1306 3307 1516 3418 separatum
1559 3309 1699 3394 fcrrrrm
1740 3337 1753 3420 ;
1803 3313 1904 3423 qnod
1947 3316 2061 3404 adest.

757 3440 800 3524 in
829 3435 966 3521 exustis
994 3437 1110 3520 etiam
1141 3435 1391 3546 millepedam
1416 3455 1457 3520 et
1475 3437 1626 3522 castorei
1644 3439 1829 3524 cineribus
1854 3436 1920 3556 (e).
1945 3428 2055 3560 ‘Quis
2196 3499 2197 3516 i

759 3585 889 3651 antem
908 3562 1080 3667 definiet,
1101 3563 1194 3646 dato
1210 3563 1326 3648 semel
1342 3589 1518 3675 corpore,
1535 3565 1639 3673 quod
1666 3591 1816 3672 autum,
1833 3593 2054 3680 argentum,

761 3692 975 3800 reliquaque
1011 3690 1159 3774 metalla
1194 3693 1243 3774 ita
1274 3691 1467 3785 attrahit,
1513 3693 1575 3774 uti
1611 3717 1766 3802 magnes
1797 3694 1970 3804 ferrum}
2003 3724 2053 3782 an

760 3844 838 3923 nou
855 3817 990 3901 fimilia
1008 3817 1148 3902 horum
1167 3817 1304 3928 spicula
1324 3818 1542 3904 elicerentur
1564 3819 1612 3904 de
1636 3821 1859 3930 corporibus
1884 3826 2054 3910 combu-

660 3973 665 3980 ·
760 3940 863 4033 nasi
889 3945 989 4058 quod
1021 3947 1115 4058 dum
1134 3970 1213 4030 non
1232 3945 1418 4057 affirmo,
1456 3948 1572 4034 etiam
1596 3971 1733 4058 negare
1758 3973 1837 4035 non
1866 3953 2053 4038 auderem

1959 4082 2056 4168 Nec

773 4211 2055 4264 *maun-*mmm
2194 4225 2195 4236 ³

764 4257 820 4363 [al
847 4261 930 4334 lbid.
958 4285 1029 4361 pag.
1061 4285 1147 4356 494·

762 4359 815 4463 (l)
841 4359 923 4434 lbid.
948 4387 1017 4460 pag.
1047 4386 1132 4452 49²·

762 4465 810 4560 [cl
834 4469 873 4539 In
901 4459 1027 4558 Physica
1051 4459 1245 4534 subterranea.
1796 4541 1798 4546 .

767 4560 819 4654 (dl
843 4559 1021 4649 Memoires
1044 4559 1084 4631 de
1110 4559 1229 4634 l‘And.
1256 4559 1298 4636 dc
1319 4560 1442 4641 Scienn·
1463 4589 1569 4663 1704·
1603 4587 1676 4670 pag.
1702 4578 1786 4656 285.
1816 4577 1900 4648 2064

766 4659 822 4764 (ι)
845 4659 931 4774 Ιδίἀ.
959 4674 1064 4759 1706.
1091 4685 1163 4766 pag.
1191 4687 1272 4756 529.
1395 4734 1398 4742 .
