4484 5934
1040 655 1046 668 .
1128 665 1140 689 ,
1309 521 1522 655 ituit

744 806 872 914 affini,
901 797 1049 890 amicus
1073 795 1225 899 amico,
1255 794 1305 880 de
1333 799 1440 883 rebus
1455 800 1504 882 ad
1534 786 1704 881 scientias
1732 806 1774 878 et
1804 804 1933 881 cdi-am
1952 797 2065 888 mor:

747 943 887 1026 borum
932 935 1152 1020 facientibus
1197 957 1274 1012 non
1307 933 1432 1011 minus
1464 927 1643 1033 erudite,
1695 955 1812 1038 quam
1861 940 2059 1052 candide,

745 1066 951 1179 perscribit.
1001 1063 1116 1147 Alter
1145 1055 1252 1144 alteri
1283 1056 1422 1138 intima
1476 1057 1599 1139 cordis
1644 1058 1849 1165 penetralia
1895 1071 2058 1178 pandit,

745 1193 897 1278 consrlia
913 1192 1044 1301 pctit,
1075 1187 1170 1293 dat,
1200 1185 1296 1268 nihil
1326 1184 1623 1292 praetermittit,
1656 1210 1737 1297 quo
1753 1189 1920 1272 amicum
1949 1198 2058 1303 opti.

745 1348 892 1429 mum,
931 1316 1090 1402 affinem
1140 1309 1519 1419 coniunctissimum,
1567 1311 1695 1394 iuuare
1745 1315 1871 1422 poffit.
1935 1317 2061 1410 Series

745 1449 959 1533 litterarum
995 1445 1084 1550 eil,
1113 1467 1275 1553 quacum
1307 1440 1378 1523 rix
1413 1441 1491 1524 vlla
1524 1441 1624 1522 inter
1656 1441 1777 1524 adhuc
1810 1446 2058 1538 editascom·

743 1581 867 1690 parari
918 1573 1046 1685 poslrt.
1111 1571 1302 1654 Tacemus
1334 1594 1485 1678 quoque
1536 1567 1821 1653 consultationes
1852 1575 2058 1685 medieas,

741 1706 991 1813 undequaque
1023 1701 1069 1782 ad
1103 1701 1290 1808 Magnum
1340 1693 1589 1781 maenam
1622 1695 1755 1780 missas.
1793 1699 1934 1784 Paucae
1950 1703 2065 1817 illae,

742 1857 838 1942 quae
870 1852 1069 1912 unacum
1102 1828 1217 1933 ipsius
1244 1824 1420 1907 *consiliis
1456 1825 1707 1930 prodierunt,
1739 1827 1826 1932 quid
1860 1854 1939 1911 non
1972 1831 2054 1940 spe·

740 1981 823 2040 rare
856 1956 987 2040 iubent
1017 1952 1065 2034 de
1098 1952 1290 2059 reliquis,
1322 1951 1362 2030 in
1392 1949 1568 2033 thesauro
1594 1950 1673 2031 hoc
1714 1952 1973 2037 inaestimabili
1989 1960 2060 2043 aa·

740 2083 819 2168 hue
838 2071 1171 2165 dumlatentibusl
1193 2077 1385 2158 Taccmus
1402 2075 1556 2183 reliqua.
1576 2077 1767 2184 Optamus
1782 2105 1908 2162 autem
1930 2091 2058 2170 maxi·

687 2275 691 2284 s
740 2232 924 2320 mopere,
939 2223 983 2286 vt
1000 2204 1156 2288 taudem
1173 2202 1335 2286 eruditus
1356 2202 1460 2283 orbis
1476 2201 1641 2306 horum,
1659 2229 1756 2312 quae
1773 2209 1880 2311 dixi,
1899 2209 2062 2319 scripto.

738 2363 827 2422 tom
860 2333 1031 2419 reddatur
1063 2355 1262 2440 compos,
1298 2353 1379 2439 quo
1407 2329 1562 2412 utilitati
1597 2352 1675 2412 non
1694 2335 1825 2415 minus
1855 2337 2060 2451 publicae,
2103 2384 2112 2396 ·
2183 2359 2194 2370 ·

739 2489 854 2572 quam
887 2462 1032 2572 gloriae
1062 2462 1234 2544 nominis
1247 2455 1523 2565 Baethaemi,
1554 2457 1748 2570 infigura
1766 2462 1964 2573 prouisum
1993 2470 2060 2580 iri,

736 2613 862 2676 nemo
891 2585 1090 2702 dubitabit.
2009 2594 2016 2609 ·

733 2921 870 3048 Mus
933 2847 1227 3086 aquaticus
1283 2926 1548 3068 exoticus
1607 2925 1762 3045 Cius.
1814 2928 2051 3059 Audiat.

731 3093 864 3218 Raii
886 3095 1130 3258 Synops.
1172 3091 1473 3260 Qradrup.
1514 3091 1663 3220 ltus
1714 3105 2048 3262 Buxyxorr.

786 3265 1073 3420 ⁶Auitore
1116 3267 1201 3382 10.
1243 3263 1398 3383 Geo.
1442 3265 1697 3389 Gmelin.
1735 3308 1796 3427 p.
1838 3269 1964 3422 383.

736 3555 913 3767 Quod
956 3574 1079 3660 adhuc
1110 3593 1210 3655 com
1229 3569 1375 3681 scriptis
1403 3565 1558 3653 Stellati
1583 3571 1768 3678 postumia
1798 3569 1974 3677 auum,
2006 3573 2052 3658 id
2228 3556 2230 3561 ⁵

725 3765 731 3774 .
862 3725 962 3781 minc
999 3723 1152 3808 quoque
1185 3721 1276 3780 cum
1307 3692 1558 3784 Gnteliaianis
1576 3698 1696 3782 facere
1710 3680 1927 3784 Academia
1942 3704 2057 3788 inlli-
2227 3674 2229 3711 ¹

732 3833 820 3915 tuit.
884 3821 1080 3932 Digniora
1111 3825 1272 3906 etenim
1303 3849 1371 3933 per
1403 3845 1532 3931 panea
1567 3821 1634 3906 hia
1662 3821 1964 3912 Commentariis
1981 3831 2056 3910 in·
2224 3822 2228 3955 s

731 3959 852 4042 serere
870 3944 995 4034 risum
1032 3951 1192 4054 cimilia
1209 3948 1596 4059 metricamque
1611 3953 1658 4036 ad
1679 3953 1885 4068 Hilarium
1901 3961 2058 4042 anican-
2225 3966 2227 4009 ¹

732 4083 821 4168 dum
840 4079 1039 4187 pertinent
1058 4139 1071 4178 ‚
1087 4080 1151 4162 cui
1181 4077 1430 4165 Auctornou
1446 4076 1666 4184 minorem,
1692 4107 1813 4190 quam
1832 4086 2053 4192 plantatum

729 4209 988 4322 descriptioni,
998 4206 1385 4316 pperarnimpcndit.
1396 4199 1644 4311 sanonum,
1661 4232 1755 4315 quae
1772 4209 1836 4291 hic
1854 4212 2055 4316 demmin

730 4339 873 4420 itinere
887 4331 1078 4440 Sioirico,
1091 4336 1271 4416 maxima
1287 4332 1447 4441 quidem
1461 4332 1731 4436 accuratione,
1760 4355 1802 4418 at
1818 4338 1891 4420 fine
1910 4339 2051 4422 multo
2209 4310 2216 4339 ’

728 4463 917 4548 librorum
942 4462 1154 4571 adparatu,
1169 4460 1398 4568 constripta.
1424 4458 1622 4542 Vltimam
1636 4462 2051 4573 limamnouexpena

727 4589 830 4676 sunt.
914 4587 1007 4672 lloe
1055 4611 1230 4699 namque
1287 4601 1432 4699 operae
1467 4584 1539 4698 ‚itti
1583 4591 1754 4707 tempori
1798 4591 2055 4681 reseruauerat

1922 4717 2054 4811 oue·
