4484 5934
342 517 1251 622 uommvuanmmmvu
1363 538 1429 644 σῖ

134 809 206 890 “nls
252 825 311 889 r:
337 798 385 928 ἦ
390 805 430 920 s
434 813 463 897 d
475 839 508 898 a·
508 808 544 926 s
549 785 873 942 Q-{ffi’ffl
889 881 899 921 ‚
947 813 1110 927 ideoque
1142 816 1272 901 totum
1311 841 1429 928 nego·

151 953 413 1063 tium·duplici
447 958 516 1041 liae
549 964 796 1069 integratione
829 959 1046 1042 absolvitur.
1114 959 1272 1043 Perinde
1298 986 1428 1046 autem

149 1080 198 1160 ell
230 1081 279 1162 ab
318 1105 399 1165 vtra
433 1087 602 1170 variabili
634 1115 664 1173 x
697 1080 733 1169 e't
751 1117 785 1194 y
814 1088 1000 1170 constanti
1032 1087 1252 1171 affirmanda
1302 1090 1429 1198 prima

148 1209 347 1316 integratio
391 1206 639 1320 instituatur,
681 1220 769 1328 quin
808 1218 924 1318 etiam
965 1217 1055 1300 alias
1088 1241 1205 1298 nouas
1235 1217 1430 1299 variabiles

146 1334 383 1419 introducere
415 1338 541 1442 licet,
591 1362 700 1452 atque
743 1364 823 1426 tum
856 1341 896 1425 in
928 1343 1005 1424 hoc
1034 1361 1179 1424 tannim
1212 1343 1267 1426 est
1298 1343 1426 1427 elabo-

146 1466 302 1546 randum
328 1531 339 1572 ,
368 1463 415 1549 v‘t
443 1469 586 1578 duplex
617 1472 815 1578 integratio
847 1469 1093 1580 perficiatur,
1125 1470 1339 1578 quaeuullo
1369 1470 1426 1553 di·
1481 1485 1488 1502 ⁸

145 1589 316 1672 strimine
355 1595 451 1677 inter
467 1609 472 1618 '
491 1597 688 1680 variabiles
724 1600 859 1682 babitu
895 1597 973 1685 hoc
1005 1597 1134 1681 inodo
1164 1596 1324 1688 indicati
1350 1621 1429 1708 ΡΟ·

144 1744 285 1862 reuss
294 1725 697 1884 [v‘llssunpay-lrdrxlz·

525 2005 1051 2127 counangq
1189 2063 1193 2072 -

281 2213 365 2302 ψ
417 2196 483 2284 De
515 2198 574 2282 lris
594 2189 747 2282 'viribus
786 2221 826 2283 et
857 2201 1073 2287 momentis
1116 2196 1255 2286 iterum
1288 2217 1425 2288 notan·

145 2325 230 2407 dum
259 2327 315 2409 ell
348 2321 481 2409 eorum
512 2328 659 2412 valores
691 2349 774 2412 tum
809 2348 958 2416 tantum
998 2328 1071 2410 effe
1107 2323 1355 2444 affirmatiuo's
1379 2346 1420 2414 et

145 2449 334 2560 affiguntur
350 2453 576 2538 ditedliones
594 2439 759 2564 lubere,
793 2461 945 2566 quando
976 2457 1082 2538 valor
1113 2453 1224 2563 ipsius
1254 2453 1291 2535 V
1311 2455 1420 2539 luerit

145 2581 411 2689 affirmamus,
453 2583 663 2694 sinautem
696 2584 735 2666 V
777 2586 946 2669 obtineat
988 2599 1159 2666 valorem
1198 2583 1419 2690 negatiuum
1509 2597 1512 2603 ’

148 2725 229 2790 tum
267 2713 376 2793 etiam
420 2712 515 2820 ipsas
558 2712 656 2794 vires
694 2703 900 2821 earumque
942 2729 1143 2796 momenta
1184 2735 1224 2792 rn
1265 2709 1416 2818 plagam

144 2841 375 2926 toratratiam¹
397 2863 522 2948 agere.
583 2839 696 2960 Quave
723 2845 896 2924 conditio
928 2842 1002 2924 buc
1034 2839 1145 2940 redit,
1174 2857 1217 2918 vt
1235 2839 1417 2949 quadrato

147 2962 228 3046 VV
264 2968 367 3052 idern
399 2967 541 3076 lignum
576 2975 786 3074 tribuatur,
817 2969 920 3080 quod
952 2966 1130 3052 conuenit
1163 2965 1232 3072 ipsi
1268 2967 1418 3074 quanti„
1558 3015 1563 3022 -

145 3110 202 3175 tatr
233 3095 303 3202 V,
343 3115 396 3180 tta
437 3116 479 3178 vt
522 3079 569 3178 st'
591 3097 713 3180 valor.
735 3097 845 3204 ipsius
876 3097 912 3178 V
946 3095 1011 3179 fiat
1046 3093 1260 3200 negatiuus,
1297 3094 1422 3176 etiam

145 3221 315 3327 quadrato
344 3222 432 3304 VV
467 3221 615 3334 fissssum
650 3226 860 3332 negationis
894 3221 1137 3334 praefigatur.

535 3433 1041 3594 coaoau.a

165 3751 170 3762 .
248 3707 325 3786 25.
378 3687 568 3806 Quando,
586 3681 709 3802 igitur
728 3685 892 3792 qtuestio
924 3683 1023 3764 circa
1058 3675 1216 3788 figuram
1247 3683 1331 3772 alae
1362 3685 1427 3767 ita·

138 3811 364 3924 instituatur!
393 3840 431 3900 vr
450 3844 505 3900 vis
533 3818 633 3898 venti
661 3811 1059 3924 plurimum-conferat
1085 3807 1133 3887 ad
1163 3815 1241 3892 eius
1258 3831 1423 3928 motum

138 3945 469 4048 promouendum,
507 3941 668 4054 figuram
688 3943 780 4048 alae*
798 3945 848 4023 ita
876 3954 1141 4049 comparatam
1160 3935 1237 4020 elle
1270 3966 1418 4049 oppot·
1457 3993 1461 4000 -

137 4087 204 4171 tet,
237 4093 284 4154 vt
322 4099 501 4183 nusquam
536 4071 682 4182 stupro
712 4070 818 4153 nullu
849 4067 930 4150 alae
961 4067 1152 4147 elemento
1172 4067 1281 4149 valor
1305 4068 1415 4175 r'pfiru

138 4196 241 4280 Vfiat
260 4203 470 4311 negatiuus.
497 4195 538 4298 Si
557 4204 661 4282 enim
690 4225 761 4307 pro
773 4197 950 4306 quapiam
964 4205 1073 4302 ‘parte
1106 4190 1341 4303 valoriplius
1372 4193 1432 4292 V,

133 4324 236 4408 fieret
277 4331 503 4440 negaturus,
534 4329 581 4410 ab
620 4352 671 4422 ea,
702 4344 830 4410 motus
868 4323 948 4406 alae
977 4317 1260 4429 impediretur,
1303 4339 1417 4430 atque

57 4501 58 4512 a
134 4459 337 4568 expediret
374 4457 484 4556 illam
516 4478 668 4568 partem
696 4453 867 4540 rescindi.
910 4451 1018 4564 Quae
1048 4447 1175 4534 cautio
1205 4473 1263 4531 eo
1291 4451 1418 4556 magis

1312 4727 1318 4736 ι
1358 4605 1415 4690 est
