4484 5934
765 545 858 634 rsa
1004 572 1009 578 ·
1089 496 1767 607 DEMONSTRATIO

760 788 837 877 Pro
868 806 1030 871 nurnero
1060 782 1253 888 acierum,
1287 801 1382 891 quae
1435 774 1524 887 poll
1573 766 1826 875 resellionem
1874 784 2069 889 angulio

763 916 988 1029 supererunt
1008 982 1021 1025 ,
1055 913 1315 1025 inuestigando
1334 970 1346 1017 ,
1379 930 1568 1022 ponamus
1585 906 1713 1013 primo
1731 928 1776 991 vt
1793 928 1883 995 ante
1901 970 1912 1016 ,
1929 934 2069 1001 omnes

762 1047 905 1135 hedras
933 1050 973 1131 in
1003 1049 1044 1133 0
1074 1047 1343 1135 conuenientes
1376 1042 1450 1127 elle
1480 1037 1696 1147 triangula,
1729 1061 1774 1122 ac
1806 1042 1937 1151 primo
1988 1054 2069 1158 qui.

656 1199 658 1208 l
764 1178 859 1267 dem
889 1202 943 1261 ex
981 1180 1151 1263 acierum
1194 1174 1355 1259 numero
1399 1172 1578 1255 recedent
1628 1169 1727 1251 acics
1775 1168 1816 1253 O
1836 1171 1906 1281 A,
1946 1170 2068 1285 OB,

769 1305 896 1415 OC,
928 1304 1061 1414 OD,
1092 1320 1168 1389 etc.
1218 1326 1376 1414 quarunt
1428 1322 1609 1384 numerus
1654 1302 1709 1385 ell
1759 1326 1887 1415 za,
1938 1324 2071 1390 earum

770 1458 871 1522 vero
900 1438 991 1527 loco
1024 1439 1073 1522 de
1108 1457 1216 1519 nouo
1248 1434 1429 1517 accedent
1458 1431 1554 1517 acies
1602 1425 1729 1537 A'C,
1777 1426 1899 1542 CF,
1949 1430 2072 1553 ΕΙ),

772 1594 935 1681 quarum
964 1589 1142 1652 numerus
1173 1560 1228 1645 est
1261 1588 1316 1647 ε..-
1335 1590 1359 1657 a
1376 1607 1419 1623 -
1440 1588 1501 1666 3,
1534 1558 1656 1669 srcque
1690 1558 1853 1645 acierum
1898 1587 2072 1655 numerus
2203 1646 2204 1659 ,

773 1697 846 1783 etit
878 1688 1666 1813 :A-n÷(n-a):A·-3,
1704 1687 1914 1799 fiquidem
1950 1716 2073 1781 nouae
2203 1754 2204 1775 r

773 1822 913 1909 hedrac
944 1823 985 1907 Α
1003 1821 1040 1908 Β
1058 1822 1129 1925 C,
1160 1819 1201 1902 A
1219 1812 1256 1901 C
1273 1818 1336 1925 F,
1369 1839 1444 1905 etc.
1477 1814 1618 1903 suerint
1648 1819 1814 1901 inuicem
1846 1820 2070 1912 inclinatae:
2203 1898 2204 1919 ,

773 1951 834 2042 At
863 1952 892 2039 li
923 1952 1020 2036 duae
1051 1972 1186 2035 earum
1223 1944 1401 2058 ΑΒΕ,
1434 1966 1477 2031 ct
1517 1943 1662 2032 ACF
1694 1947 1734 2028 in
1766 1952 1907 2033 eodem
1960 1952 2075 2065 plano

773 2071 847 2173 lint
875 2082 995 2187 firae,
1026 2098 1070 2165 rt
1104 2079 1260 2165 unicam
1293 2077 1454 2163 hedram
1483 2076 1712 2161 constituere
1740 2074 1971 2186 censeantur,
1992 2106 2075 2167 cua·

773 2210 899 2297 nescet
930 2209 1031 2293 acics
1061 2202 1185 2314 AC,
1216 2212 1360 2319 eritque
1388 2207 1555 2291 acierum
1596 2230 1776 2289 numerus
1814 2210 1854 2291 A
1872 2253 1899 2267 -
1919 2234 1942 2309 3
1966 2236 2075 2299 -12
2203 2196 2204 2279 l

774 2365 819 2424 ac
849 2339 882 2425 st
913 2336 1131 2423 huiuamodi
1164 2338 1324 2422 duarum
1357 2336 1561 2422 hedrarum
1595 2338 1634 2417 in
1663 2336 1770 2419 idem
1802 2337 1953 2445 planum
1983 2340 2080 2422 inci·
2203 2386 2204 2455 p

775 2470 900 2552 dentia
935 2494 974 2579 μ
1007 2464 1150 2548 vicibus
1181 2480 1382 2575 occurrat,
1415 2482 1461 2549 rt
1493 2483 1583 2548 ante
1624 2465 1815 2576 posuimus
1850 2530 1860 2569 ,
1894 2492 2077 2551 numerus

773 2597 940 2682 acierum
975 2592 1050 2677 etit
1079 2616 1136 2675 Ξ
1155 2591 1194 2677 Α
1213 2614 1283 2693 -3
1308 2640 1334 2657 -
1351 2621 1404 2707 μ..
1467 2588 1624 2677 Deinde
1656 2592 1684 2675 fi
1714 2591 1911 2703 quaepiam
1940 2594 2081 2679 hedra-
2203 2594 2204 2679 l

774 2748 863 2809 rum
895 2724 1077 2832 angulum
1111 2719 1154 2803 Ο
1185 2721 1433 2816 formandum
1467 2746 1548 2807 non
1566 2722 1610 2807 fit
1642 2720 1865 2831 trigonalis,
1899 2723 2080 2809 videlicet
2203 2746 2204 2751 ‘

775 2850 893 2937 hedra
926 2850 1052 2933 AOF
1062 2848 1173 2965 QP,
1206 2870 1291 2934 turn
1333 2848 1548 2934 abscillrone
1590 2851 1763 2958 trianguli
1806 2851 1935 2937 AOF
1976 2878 2080 2937 noua
2203 2866 2204 2951 l

776 2980 873 3063 aciat
905 2978 1030 3062 exiliit
1062 2976 1172 3083 AF,
1210 3004 1304 3089 quae
1342 2998 1431 3063 ante
1464 3000 1544 3060 non
1583 2990 1741 3085 aderat,
1774 2980 1876 3063 vnde
1906 3005 2084 3064 numerus
2203 2982 2204 3043 l

775 3108 945 3192 acienrm
978 3106 1056 3189 hoc
1086 3108 1168 3190 casu
1202 3110 1350 3190 unitate
1376 3106 1585 3217 augebitur.
1622 3110 1684 3192 Ac
1725 3106 1783 3213 fi,
1815 3128 1860 3191 vt
1892 3131 1981 3192 ante
2006 3134 2086 3217 po-
2203 3114 2204 3171 ἵ

774 3236 945 3341 suimus,
989 3236 1091 3318 inter
1135 3232 1267 3319 hodtas
1299 3236 1394 3318 inO
1430 3256 1605 3320 coeuntes
1636 3262 1657 3321 ν
1688 3234 1831 3318 lrcdrac
1862 3264 1940 3319 non
1965 3236 2088 3321 trian-

667 3464 671 3469 ι
748 3364 924 3475 gulares
952 3364 1218 3471 reperiantur,
1251 3386 1433 3449 numerus
1462 3365 1624 3448 acierum
1656 3367 1695 3449 in
1727 3388 1890 3472 corpore
1931 3390 2089 3475 propo-

778 3489 903 3602 posrto
947 3489 1031 3597 poll
1052 3491 1295 3573 retentorem
1336 3490 1521 3599 anguliO
1562 3494 1635 3577 erit
1668 3498 2091 3604 :A-a-ama,
2203 3524 2204 3547 ¹

677 3715 683 3725 ,
780 3642 873 3707 cum
905 3638 996 3705 ante
1026 3614 1154 3715 fulliet
1187 3620 1316 3703 :A.
1380 3618 1519 3737 QE.
1551 3618 1585 3705 l.

1175 3826 1573 3919 COROLL
1646 3861 1687 3920 m

905 4000 977 4060 ro.
1010 3977 1131 4095 Quod
1164 3982 1190 4067 li
1222 4006 1316 4088 crgo
1348 3980 1508 4067 solidum
1556 3979 1683 4069 hedris
1735 3985 1853 4097 planis
1882 3984 2096 4072 ‘inclusum'
2203 4024 2204 4035 ἢ

780 4124 866 4191 vno
895 4103 1035 4217 angulo
1067 4107 1190 4195 solido
1226 4109 1449 4218 mutiletur,
1499 4129 1544 4195 ut
1592 4111 1819 4220 angulorum
1870 4114 2098 4201 solidorum

782 4258 960 4321 murrcrus
992 4262 1095 4323 nunc
1124 4238 1169 4322 srt
1200 4234 1429 4347 :s-r,
1461 4262 1552 4323 curn
1585 4258 1675 4323 ante
1708 4243 1795 4331 elset
1828 4240 2102 4349 :S,sum-

783 4386 851 4446 rna
882 4367 1059 4452 omniurn
1090 4369 1321 4478 angulorum
1355 4366 1554 4479 planorum
1580 4372 1800 4457 diminuitur
1833 4394 1999 4481 quatuor
2019 4400 2107 4459 an-

781 4489 874 4599 gulis
903 4492 1042 4597 tedio,
1071 4494 1134 4580 seu
1165 4514 1358 4580 comante
1388 4493 1510 4583 fnirlet
1526 4524 1584 4587 Ξ
1599 4500 1637 4591 R
1655 4501 1800 4615 angulis
1814 4502 1956 4602 rectis,
1980 4526 2109 4591 nunc
2203 4532 2204 4611 j

783 4618 857 4703 etit
889 4643 946 4704 z
964 4624 1004 4712 R
1022 4652 1116 4731 -4
1147 4622 1293 4737 angulis
1318 4622 1444 4715 redit.
1840 4624 2110 4721 cortou..
