4484 5934
198 803 292 875 'nonn
321 773 541 880 methodo.¹
571 787 781 895 Eciipfibut
810 790 975 876 fiuentm
1008 815 1031 876 t
1065 787 1360 892 Luna-innixa,
1390 789 1510 875 audii

194 941 301 1002 orem
334 919 492 1002 reddere
525 915 672 1000 studuit.
741 915 819 1005 Res
850 921 889 1000 in
919 939 970 1002 eo
999 915 1197 1004 netittut:
1243 916 1411 1026 Eclipses
1463 918 1509 1000 fi·
1637 941 1647 1039 ξ

190 1065 326 1130 xtrtrm
359 1043 522 1130 nLunn
551 1065 635 1126 non
664 1043 734 1128 nili
761 1045 807 1130 nd
856 1044 1088 1130 differentius·
1109 1043 1391 1155 longitudinum
1434 1065 1510 1126 ten·
1776 1153 1783 1177 ι

187 1171 362 1257 restrium
394 1169 628 1257 definiendas
657 1169 961 1260 nunmommis
976 1170 1164 1256 ndidbime
1177 1170 1301 1256 adhue
1331 1170 1513 1283 foetuum,
1642 1210 1644 1223 ·

188 1295 352 1384 successo
375 1301 532 1412 quidem
562 1300 752 1410 optimo:
786 1325 878 1386 nntn
910 1301 1114 1386 certiorem
1139 1299 1257 1414 longe
1286 1297 1384 1384 hnnc
1401 1301 1507 1400 uiam

189 1427 299 1533 effe,
330 1453 444 1538 quium
477 1452 552 1538 qun
583 1427 642 1512 olii
673 1453 743 1538 per
771 1427 942 1538 Eclipfes
970 1425 1181 1538 Setellitum
1231 1427 1337 1511 lonis
1383 1425 1509 1510 obseu-

189 1555 333 1639 uandns
364 1556 573 1659 incedunt,
606 1551 690 1663 quis
722 1551 869 1642 uestiti
899 1575 940 1639 nt
980 1577 1063 1640 uon
1093 1572 1176 1638 totn
1218 1554 1379 1640 utilitate
1419 1578 1506 1664 per-

188 1673 335 1793 pensa,
374 1705 472 1796 qtue
510 1707 565 1768 ex
599 1681 664 1766 his
696 1665 1016 1768 obsermtionibui
1047 1683 1088 1764 iu
1127 1679 1416 1766 Allronominm
1445 1704 1510 1764 re·

187 1807 354 1894 dundnre
413 1807 553 1922 potest.
634 1807 825 1896 Monstrat
882 1810 1010 1920 itnqtte
1067 1803 1132 1894 Ci.
1180 1807 1371 1913 numu,
1419 1809 1514 1894 ficut

187 1933 397 2020 ucunmm
458 1929 689 2020 methodum
748 1933 1065 2049 liruplitiffimnm
1110 1933 1159 2020 nd
1205 1936 1512 2022 determiuindnr

189 2061 401 2146 anllnxes
430 2061 671 2147 Plnnetnrum
702 2061 782 2145 duo
808 2061 1065 2146 obstmttores
1080 2060 1121 2144 in
1152 2061 1296 2148 dnobtts
1325 2062 1420 2145 locis
1443 2061 1511 2150 sub

185 2192 333 2274 'eodem
364 2186 443 2272 iere
476 2187 695 2272 meridiano
724 2187 809 2272 mis
846 2186 963 2298 longe
1002 2185 1132 2272 diffitie
1162 2187 1280 2274 locati
1318 2191 1511 2298 requirnn-

186 2332 276 2402 tur:
311 2317 364 2398 itt
393 2315 562 2400 eundem
592 2311 715 2400 finem
747 2314 913 2402 obtineri
944 2311 1052 2428 poffe
1070 2312 1144 2424 ,u
1174 2315 1214 2401 in
1245 2314 1340 2402 locis
1357 2313 1420 2401 dub
1436 2339 1512 2400 eo·

188 2442 279 2530 dem
308 2435 389 2526 'sere
419 2439 600 2554 parallelo
630 2441 866 2552 iacentibus,
899 2443 1053 2555 uosque
1090 2440 1209 2554 longe
1250 2444 1303 2530 nb
1337 2443 1508 2530 inuicem
1602 2502 1606 2509 -

190 2570 431 2680 distantibus,
460 2565 538 2656 duo
571 2569 855 2680 obsonatores,
886 2593 958 2682 pet
987 2563 1159 2682 Ecnpse's
1190 2569 1356 2659 fixarum
1386 2571 1507 2657 n'Lu·
1617 2583 1620 2590 '

191 2721 274 2806 nn,
306 2700 542 2784 Pamiltxeos
574 2695 711 2784 lunaris
738 2700 991 2811 quantitatem
1026 2695 1172 2809 snepim
1202 2716 1243 2782 et
1275 2702 1318 2785 iu
1354 2699 1509 2786 diruerit

185 2825 335 2910 orbitae
367 2825 504 2912 umoris
552 2823 704 2937 pondis
752 2825 969 2935 inuestigare
1017 2823 1241 2914 allaborent.
1304 2827 1360 2914 Et
1407 2826 1511 2913 hanc

185 2952 342 3066 quidem
376 2951 606 3041 methodum
638 2953 850 3042 Paradnxin
880 2953 1010 3040 Lunae
1047 2952 1301 3063 obsenundi,
1333 2954 1388 3041 ob
1418 2954 1511 3040 lon·

184 3103 275 3190 gem
305 3077 484 3168 iocorum
515 3083 840 3195 intercapedinem
881 3081 930 3168 ab
965 3082 1170 3169 occidente
1220 3084 1262 3167 in
1311 3084 1509 3170 orientem

184 3207 226 3292 in
257 3207 432 3322 Imperio
450 3208 601 3300 Ruffico
616 3208 1014 3328 comprehensorum,
1043 3213 1217 3324 inprimis
1246 3209 1338 3296 huic
1371 3213 1513 3323 Impe-

183 3333 245 3420 rio
273 3356 411 3448 aptam
445 3359 485 3422 et
510 3341 802 3426 conuenientem
831 3343 916 3426 forn
949 3339 1101 3424 Audon
1131 3339 1306 3448 iudicat,
1336 3341 1447 3449 quin,
1479 3337 1512 3426 n

183 3483 281 3550 unns
319 3465 539 3550 obdnntor
560 3527 563 3534 .
583 3467 625 3549 in
674 3467 822 3578 specula
870 3465 1138 3556 Astronomicn
1185 3465 1468 3578 Penopoliunn
1490 3452 1527 3576 ,χ

177 3587 282 3675 alter
312 3593 355 3680 in
386 3607 563 3678 extrema
594 3592 809 3679 Peninuue
840 3592 1142 3680 Knmtschntkne
1173 3621 1273 3702 orn,
1300 3595 1508 3680 constitut·

178 3733 272 3822 tnr,
303 3717 511 3806 differentia
542 3721 844 3808 meridianorum
883 3745 968 3826 125
1003 3723 1135 3832 gendos
1167 3725 1382 3834 superatum
1426 3719 1474 3806 fit
1488 3779 1507 3830 ›,

172 3845 346 3959 ideoque
360 3848 400 3931 in
419 3845 545 3936 nunu
563 3847 639 3934 iola
656 3846 930 3936 obsenuutiones
947 3850 1082 3961 perfici
1104 3849 1250 3962 potsunt
1286 3848 1505 3962 Respexisse

172 3975 341 4080 uidetur
368 3971 432 4060 ΕΙ.
465 3977 616 4062 Auctor
646 3975 695 4060 ad
720 3976 902 4063 molestias
916 3978 1059 4062 itineris
1092 3976 1290 4090 longinqui
1322 3997 1362 4061 et
1394 3975 1514 4063 mide·

170 4099 350 4188 difficilis
366 4101 676 4190 Ktmt'schntkrm
694 4109 816 4191 uerius
843 4103 1057 4216 suscipiendi
1079 4165 1093 4214 ,
1120 4107 1213 4190 dum
1231 4103 1504 4216 supellectitem

172 4228 523 4318 indumentorum
542 4232 625 4318 satis
639 4233 853 4338 modicam,
888 4253 930 4318 et
944 4257 1039 4343 quoe
1055 4225 1327 4342 Geogrnphine
1343 4229 1507 4340 imperii

173 4353 328 4446 Rustici
359 4356 610 4470 perficiendae
636 4359 747 4448 fimul
764 4361 1058 4446 accommodate
1075 4359 1143 4469 fit,
1184 4360 1383 4471 proponit.
1418 4358 1504 4470 Op

167 4501 309 4610 tamus
339 4506 518 4607 tanturn,
550 4509 596 4581 nt
631 4493 845 4584 obsenuntor
888 4485 1046 4578 idoneus
1082 4489 1320 4604 reperiatur,
1357 4490 1424 4602 qni
1463 4491 1506 4573 in

814 4616 890 4714 in
999 4653 1006 4662 ·
1401 4633 1504 4740 ⁸tnn-
