4484 5934
947 211 959 266 i
1102 251 1109 258 .

356 527 442 622 ru
477 451 855 624 ,conrorr
906 524 1281 644 curarant.
1381 547 1469 640 aar

190 759 266 849 inc
289 759 373 846 sabe
404 761 503 844 soret
525 781 660 867 purus,
697 761 892 864 srnccnrs,
924 781 1078 874 tumque
1094 765 1192 848 adeo
1208 765 1397 875 srmpiex,
1429 783 1476 851 rt

192 891 333 1000 ubique
358 891 395 971 in
428 888 488 971 sua
513 885 711 972 diffusione
744 887 890 1000 prorsus
914 889 960 971 srt
991 893 1126 994 idem,
1159 912 1198 973 et
1230 885 1477 977 immutabilia'

192 1017 365 1100 otnnino.
402 1014 505 1098 Haec
539 1013 763 1098 admirabilis
792 1013 997 1098 certissime
1030 1013 1107 1097 ica!
1143 1017 1197 1099 est
1228 1010 1476 1102 Alchemistit

190 1143 279 1228 ideo
305 1143 511 1252 quaerenda
535 1145 645 1224 omni
670 1142 824 1248 labore,
859 1143 971 1225 omni
992 1143 1121 1250 pretio
1145 1143 1197 1226 est
1224 1143 1475 1248 redimenda,

190 1284 332 1380 utpote
377 1293 472 1379 quae
518 1269 633 1351 cruda
667 1269 820 1352 metalla
851 1288 1048 1371 manicat,
1079 1267 1170 1351 uilia
1202 1273 1242 1352 in
1271 1295 1407 1352 aurum
1435 1289 1476 1356 et

190 1415 388 1506 argentum
421 1391 605 1506 perficit,
635 1396 774 1504 reliqua
804 1420 966 1504 corpora
999 1397 1039 1476 iu
1070 1395 1230 1479 radicale
1269 1395 1474 1482 humidum

189 1519 386 1629 dissoluit,
417 1523 497 1631 ipsa
531 1519 678 1630 prorsus
711 1525 925 1606 immutata.
998 1523 1098 1606 Idco
1140 1525 1335 1606 maximus
1371 1525 1474 1612 Her·

188 1652 423 1734 meticorum
455 1649 563 1732 labor
595 1647 743 1757 semper
774 1650 815 1732 in
848 1672 899 1731 eo
932 1649 1030 1750 itit,
1061 1667 1135 1754 tt,
1170 1653 1368 1734 exurendo
1387 1673 1476 1736 ma-

185 1778 348 1884 culam,
377 1776 560 1860 inscdtum
592 1772 668 1856 hoc
701 1772 881 1859 tollerent
907 1779 956 1860 de
998 1777 1190 1860 mercurio
1217 1805 1229 1886 3
1280 1797 1334 1860 ex
1374 1779 1476 1860 uitro

186 1928 285 2012 crgo
318 1901 513 2014 purissimo
544 1900 652 1982 toties
683 1905 867 2008 pervim
902 1905 997 2012 ignis
1012 1903 1064 1994 „in
1081 1904 1309 2010 excipuium
1335 1921 1499 2012 putum·
1599 1973 1602 1980 ,

72 2011 78 2023 ’
184 2029 412 2142 pellebant,
445 2030 568 2111 donec
602 2045 703 2110 totus
732 2030 771 2109 in
804 2029 998 2137 puluerem
1031 2030 1184 2112 rubrum
1212 2023 1473 2114 scintillantem

185 2157 359 2242 tedanus
389 2173 483 2239 erat.
558 2153 671 2238 Hunc
714 2153 908 2264 puluerem
951 2157 1088 2238 iterum
1130 2177 1180 2236 tx
1221 2158 1329 2239 vitris
1359 2181 1476 2266 urge·

180 2284 310 2390 bant,
342 2285 464 2367 donec
496 2281 546 2364 de
580 2299 735 2364 mortuo
768 2279 1024 2364 resuscitabant
1064 2281 1290 2364 mercurium
1320 2281 1475 2384 uiuum,

182 2435 302 2520 quern
333 2409 542 2494 habueruut
574 2431 646 2517 pro
674 2406 971 2515 deputatissimo.
1044 2402 1117 2490 Sed
1157 2403 1345 2492 falluntur·
1392 2409 1475 2522 ne

180 2537 373 2621 suscitatus
401 2537 542 2618 etenim
574 2535 741 2637 eadem,
791 2558 864 2641 qua
892 2533 1027 2641 prius,
1057 2533 1152 2638 iguis
1182 2533 1333 2616 uitione
1362 2535 1474 2642 cogi.
1597 2605 1601 2612 ,

180 2680 250 2775 tur
279 2665 417 2748 itcmm
446 2663 486 2746 in
515 2661 710 2770 'pollinem
742 2659 930 2762 rutilum,
975 2659 1076 2768 quod
1111 2655 1194 2741 fieri
1233 2659 1340 2770 posse
1380 2684 1471 2742 cum

177 2789 253 2874 suo
283 2793 506 2894 mercurio,
536 2788 647 2896 plane
673 2803 809 2892 negant
834 2789 877 2868 in
902 2805 983 2881 arte
1007 2782 1208 2890 Magistri,
1242 2787 1330 2892 quia
1354 2783 1472 2872 semel

181 2915 431 3019 defoecatus,
465 2914 514 2995 ab
534 2918 632 3020 ,igne
666 2911 844 3021 deinceps
874 2934 956 2993 non
994 2927 1210 2992 mutatur..
1253 2909 1469 3018 Leguntur,

180 3065 283 3152 quae
321 3043 429 3126 circa.
452 3038 551 3122 hanc
589 3061 673 3120 rem
713 3038 762 3118 de
802 3037 993 3120 mercurio
1022 3035 1238 3146 quingentis
1275 3053 1316 3118 et
1348 3037 1473 3119 unde·

180 3169 269 3254 cim
299 3170 446 3252 uicibus
477 3149 558 3274 per'
574 3160 611 3244 se
639 3161 849 3270 destillato,
889 3161 1029 3270 scripsit
1071 3163 1112 3244 in
1150 3157 1262 3240 Adia
1301 3159 1474 3246 Philoso-

177 3295 355 3407 phorum
387 3295 429 3375 in
456 3289 668 3374 Brittannia
699 3287 939 3374 Hermaunua
979 3283 1252 3370 Boerhaavius.
1316 3286 1393 3400 Qri
1431 3303 1472 3372 et

177 3421 258 3507 alia
289 3420 480 3506 methodo
510 3417 646 3502 deinde
679 3406 985 3501 desiccationem
1016 3413 1065 3498 ab
1095 3417 1256 3519 impuro
1300 3413 1472 3516 rennuit,

179 3547 382 3632 miscendo
426 3564 627 3654 argentum
684 3545 813 3628 viuum
853 3567 943 3626 curu
973 3539 1194 3648 corporibus
1237 3537 1471 3648 purissrmis,

178 3693 316 3762 natura
347 3672 402 3756 illi
432 3672 665 3775 fimiliimis,
692 3693 747 3752 ex
767 3668 916 3780 ,quibus
947 3670 1088 3750 iterum
1123 3687 1200 3773 ope
1217 3661 1312 3772 ignis
1331 3665 1471 3750 millies

178 3820 227 3886 ct
256 3801 358 3886 ultra
389 3799 547 3884 abstulit.
610 3797 847 3880 Promittunt
878 3817 1045 3902 namque
1078 3795 1117 3878 in
1150 3808 1228 3872 arte
1263 3787 1469 3900 Principes,

178 3951 237 4012 oo
276 3930 401 4012 modo
445 3928 719 4029 mercurium,
762 3921 888 4004 relicta
933 3918 1038 4003 saece
1078 3920 1117 4001 in
1159 3939 1324 4024 corpore
1353 3916 1468 4022 fixo,

179 4058 412 4166 depuratum
450 4057 601 4164 penitus
636 4069 677 4132 et
712 4049 844 4132 riuum
886 4045 1121 4130 adscendere.
1197 4041 1274 4126 Sed
1323 4043 1365 4126 in
1412 4042 1470 4124 hia

182 4182 308 4267 multa
338 4183 525 4266 docentur
554 4206 681 4282 uana,
710 4174 915 4260 errantibus
942 4171 1134 4280 usuraria,
1182 4169 1209 4254 sr
1240 4167 1451 4281 superero

178 4309 269 4396 lunt
299 4309 423 4396 alieno
453 4309 622 4421 periculo
656 4304 770 4390 cauti.

706 4554 930 4662 'Bbba
1414 4543 1458 4640 Si
1605 4633 1609 4641 .
